[
  {
    "trader_id": "0x2dd01275344854758cbcbc2d2d8b9f80d3122241",
    "trader_rank": 44,
    "market_id": "market_2",
    "question": "Will the Fed cut rates in March 2026?",
    "side": "Yes",
    "action": "BUY",
    "price": 0.83,
    "amount": 881.93,
    "shares": 1062.57,
    "timestamp": "2026-03-05T17:23:02.915666"
  },
  {
    "trader_id": "0x834ee841e52b6cfa57965082a86346ec390610a0",
    "trader_rank": 42,
    "market_id": "market_13",
    "question": "Will inflation drop below 2% in 2026?",
    "side": "No",
    "action": "SELL",
    "price": 0.42,
    "amount": 564.82,
    "shares": 1344.81,
    "timestamp": "2026-03-05T17:15:02.915431"
  },
  {
    "trader_id": "0xbd537f302d402b4a342cac9fb26b89174a8c7681",
    "trader_rank": 33,
    "market_id": "market_13",
    "question": "Will inflation drop below 2% in 2026?",
    "side": "No",
    "action": "BUY",
    "price": 0.43,
    "amount": 959.9,
    "shares": 2232.33,
    "timestamp": "2026-03-05T16:57:02.914677"
  },
  {
    "trader_id": "0x74a8198a311df762d81e9f026402940c72e00b04",
    "trader_rank": 45,
    "market_id": "market_15",
    "question": "Will the S&P 500 reach 7000 in 2026?",
    "side": "No",
    "action": "SELL",
    "price": 0.13,
    "amount": 281.18,
    "shares": 2162.92,
    "timestamp": "2026-03-05T16:29:02.915796"
  },
  {
    "trader_id": "0x278d6e83b491051aad858f5332c745af364c88a3",
    "trader_rank": 9,
    "market_id": "market_4",
    "question": "Will Trump win 2028 Republican primary?",
    "side": "Yes",
    "action": "BUY",
    "price": 0.05,
    "amount": 781.57,
    "shares": 15631.4,
    "timestamp": "2026-03-05T16:10:02.912438"
  },
  {
    "trader_id": "0x8b3fe41a0d63ac8425bbf0ba114e953e9a00bca5",
    "trader_rank": 17,
    "market_id": "market_10",
    "question": "Will gold reach $3000/oz in 2026?",
    "side": "No",
    "action": "BUY",
    "price": 0.37,
    "amount": 23.66,
    "shares": 63.95,
    "timestamp": "2026-03-05T16:06:02.913183"
  },
  {
    "trader_id": "0xf7b6e6e330d7daf0b5ff963c723a1ecc28af9742",
    "trader_rank": 30,
    "market_id": "market_4",
    "question": "Will Trump win 2028 Republican primary?",
    "side": "No",
    "action": "BUY",
    "price": 0.86,
    "amount": 851.99,
    "shares": 990.69,
    "timestamp": "2026-03-05T15:28:02.914326"
  },
  {
    "trader_id": "0x8b3fe41a0d63ac8425bbf0ba114e953e9a00bca5",
    "trader_rank": 17,
    "market_id": "market_30",
    "question": "Will AI replace 10% of jobs by 2027?",
    "side": "Yes",
    "action": "BUY",
    "price": 0.54,
    "amount": 471.52,
    "shares": 873.19,
    "timestamp": "2026-03-05T15:28:02.913220"
  },
  {
    "trader_id": "0xaf013c272c289d813f5208f91a64d2f599e656f5",
    "trader_rank": 48,
    "market_id": "market_4",
    "question": "Will Trump win 2028 Republican primary?",
    "side": "No",
    "action": "BUY",
    "price": 0.86,
    "amount": 509.63,
    "shares": 592.59,
    "timestamp": "2026-03-05T15:13:02.916189"
  },
  {
    "trader_id": "0x486ac914d69f0e171a95153bb1f0a1b13876407a",
    "trader_rank": 10,
    "market_id": "market_24",
    "question": "Will the US debt ceiling be raised?",
    "side": "No",
    "action": "SELL",
    "price": 0.72,
    "amount": 658.52,
    "shares": 914.61,
    "timestamp": "2026-03-05T14:41:02.912515"
  },
  {
    "trader_id": "0xdcfa31ea111cb09d7191ea2452922870dfaecc21",
    "trader_rank": 7,
    "market_id": "market_24",
    "question": "Will the US debt ceiling be raised?",
    "side": "Yes",
    "action": "BUY",
    "price": 0.19,
    "amount": 423.57,
    "shares": 2229.32,
    "timestamp": "2026-03-05T14:41:02.912293"
  },
  {
    "trader_id": "0x6a4031b9e2e78dab62d3656db9d7125d514ef2dd",
    "trader_rank": 32,
    "market_id": "market_26",
    "question": "Will oil prices drop below $50/barrel?",
    "side": "No",
    "action": "BUY",
    "price": 0.38,
    "amount": 979.39,
    "shares": 2577.34,
    "timestamp": "2026-03-05T13:31:02.914477"
  },
  {
    "trader_id": "0xd8ad30488b805d9b822eb6d24401a6d188be3c52",
    "trader_rank": 34,
    "market_id": "market_17",
    "question": "Will EU ban TikTok in 2026?",
    "side": "No",
    "action": "BUY",
    "price": 0.27,
    "amount": 328.55,
    "shares": 1216.85,
    "timestamp": "2026-03-05T13:20:02.914709"
  },
  {
    "trader_id": "0xa3a627e6f288c5d5b11a8e6076fb5b79c00e707f",
    "trader_rank": 4,
    "market_id": "market_9",
    "question": "Will Solana ETF be approved in 2026?",
    "side": "No",
    "action": "BUY",
    "price": 0.33,
    "amount": 605.46,
    "shares": 1834.73,
    "timestamp": "2026-03-05T13:05:02.912083"
  },
  {
    "trader_id": "0xf1ae9ca0291690c025aefb7ebee721e96c6d64c5",
    "trader_rank": 5,
    "market_id": "market_25",
    "question": "Will Ethereum switch to a new consensus?",
    "side": "Yes",
    "action": "BUY",
    "price": 0.26,
    "amount": 757.23,
    "shares": 2912.42,
    "timestamp": "2026-03-05T12:59:02.912105"
  },
  {
    "trader_id": "0x278d6e83b491051aad858f5332c745af364c88a3",
    "trader_rank": 9,
    "market_id": "market_7",
    "question": "Will Tesla stock reach $500 by June 2026?",
    "side": "Yes",
    "action": "BUY",
    "price": 0.55,
    "amount": 209.61,
    "shares": 381.11,
    "timestamp": "2026-03-05T12:33:02.912414"
  },
  {
    "trader_id": "0x77d7e1a850334dbf453ffd99fe7f2c760c86cbcb",
    "trader_rank": 3,
    "market_id": "market_8",
    "question": "Will there be a US recession in 2026?",
    "side": "Yes",
    "action": "SELL",
    "price": 0.45,
    "amount": 765.94,
    "shares": 1702.09,
    "timestamp": "2026-03-05T11:54:02.911965"
  },
  {
    "trader_id": "0xe819f25188cd418f0c7819de42493bdde10be032",
    "trader_rank": 46,
    "market_id": "market_30",
    "question": "Will AI replace 10% of jobs by 2027?",
    "side": "No",
    "action": "SELL",
    "price": 0.48,
    "amount": 587.05,
    "shares": 1223.02,
    "timestamp": "2026-03-05T11:34:02.915929"
  },
  {
    "trader_id": "0x35ac8fe89311a065fe748e2378e7767f3a91256b",
    "trader_rank": 37,
    "market_id": "market_17",
    "question": "Will EU ban TikTok in 2026?",
    "side": "No",
    "action": "BUY",
    "price": 0.29,
    "amount": 114.61,
    "shares": 395.21,
    "timestamp": "2026-03-05T11:17:02.914955"
  },
  {
    "trader_id": "0xe3b42351f11d951983158af60d892b3416531594",
    "trader_rank": 23,
    "market_id": "market_3",
    "question": "Will ETH flip BTC market cap in 2026?",
    "side": "No",
    "action": "BUY",
    "price": 0.4,
    "amount": 486.91,
    "shares": 1217.28,
    "timestamp": "2026-03-05T10:56:02.913605"
  },
  {
    "trader_id": "0x1238001ecce91cca32c9f0745c6e4b38b277fefc",
    "trader_rank": 2,
    "market_id": "market_24",
    "question": "Will the US debt ceiling be raised?",
    "side": "No",
    "action": "BUY",
    "price": 0.75,
    "amount": 57.96,
    "shares": 77.28,
    "timestamp": "2026-03-05T10:40:02.911707"
  },
  {
    "trader_id": "0x8b3fe41a0d63ac8425bbf0ba114e953e9a00bca5",
    "trader_rank": 17,
    "market_id": "market_12",
    "question": "Will Apple release AR glasses in 2026?",
    "side": "No",
    "action": "BUY",
    "price": 0.68,
    "amount": 779.09,
    "shares": 1145.72,
    "timestamp": "2026-03-05T10:27:02.913155"
  },
  {
    "trader_id": "0xf3403c409d7df465917c532ef322235d8ac8601a",
    "trader_rank": 15,
    "market_id": "market_9",
    "question": "Will Solana ETF be approved in 2026?",
    "side": "No",
    "action": "BUY",
    "price": 0.3,
    "amount": 929.26,
    "shares": 3097.53,
    "timestamp": "2026-03-05T10:24:02.913013"
  },
  {
    "trader_id": "0xd8ad30488b805d9b822eb6d24401a6d188be3c52",
    "trader_rank": 34,
    "market_id": "market_9",
    "question": "Will Solana ETF be approved in 2026?",
    "side": "Yes",
    "action": "BUY",
    "price": 0.64,
    "amount": 270.04,
    "shares": 421.94,
    "timestamp": "2026-03-05T10:11:02.914688"
  },
  {
    "trader_id": "0x7bc7c71484b8d9aa3b26d702b79496d1e79ffbef",
    "trader_rank": 36,
    "market_id": "market_20",
    "question": "Will there be a major cyber attack on US infrastructure?",
    "side": "Yes",
    "action": "SELL",
    "price": 0.28,
    "amount": 623.25,
    "shares": 2225.89,
    "timestamp": "2026-03-05T09:12:02.914900"
  },
  {
    "trader_id": "0x278d6e83b491051aad858f5332c745af364c88a3",
    "trader_rank": 9,
    "market_id": "market_10",
    "question": "Will gold reach $3000/oz in 2026?",
    "side": "No",
    "action": "BUY",
    "price": 0.35,
    "amount": 476.39,
    "shares": 1361.11,
    "timestamp": "2026-03-05T08:29:02.912444"
  },
  {
    "trader_id": "0x2dd01275344854758cbcbc2d2d8b9f80d3122241",
    "trader_rank": 44,
    "market_id": "market_14",
    "question": "Will SpaceX land humans on Mars by 2030?",
    "side": "Yes",
    "action": "BUY",
    "price": 0.78,
    "amount": 968.8,
    "shares": 1242.05,
    "timestamp": "2026-03-05T08:04:02.915760"
  },
  {
    "trader_id": "0xaf20cca38352c16569473b780c5b43417e64cbd0",
    "trader_rank": 40,
    "market_id": "market_27",
    "question": "Will Argentina dollarize fully?",
    "side": "Yes",
    "action": "BUY",
    "price": 0.33,
    "amount": 847.17,
    "shares": 2567.18,
    "timestamp": "2026-03-05T06:50:02.915241"
  },
  {
    "trader_id": "0xe3b42351f11d951983158af60d892b3416531594",
    "trader_rank": 23,
    "market_id": "market_6",
    "question": "Will OpenAI release GPT-6 in 2026?",
    "side": "No",
    "action": "SELL",
    "price": 0.71,
    "amount": 565.02,
    "shares": 795.8,
    "timestamp": "2026-03-05T06:43:02.913634"
  },
  {
    "trader_id": "0x77d7e1a850334dbf453ffd99fe7f2c760c86cbcb",
    "trader_rank": 3,
    "market_id": "market_9",
    "question": "Will Solana ETF be approved in 2026?",
    "side": "No",
    "action": "SELL",
    "price": 0.29,
    "amount": 189.99,
    "shares": 655.14,
    "timestamp": "2026-03-05T06:25:02.911957"
  },
  {
    "trader_id": "0x74a8198a311df762d81e9f026402940c72e00b04",
    "trader_rank": 45,
    "market_id": "market_22",
    "question": "Will Netflix stock double in 2026?",
    "side": "Yes",
    "action": "BUY",
    "price": 0.23,
    "amount": 229.15,
    "shares": 996.3,
    "timestamp": "2026-03-05T06:19:02.915788"
  },
  {
    "trader_id": "0x9ca056f549f9afa9697ae571a1c460837662816d",
    "trader_rank": 14,
    "market_id": "market_30",
    "question": "Will AI replace 10% of jobs by 2027?",
    "side": "Yes",
    "action": "BUY",
    "price": 0.56,
    "amount": 806.08,
    "shares": 1439.43,
    "timestamp": "2026-03-05T06:17:02.912961"
  },
  {
    "trader_id": "0x2dd01275344854758cbcbc2d2d8b9f80d3122241",
    "trader_rank": 44,
    "market_id": "market_7",
    "question": "Will Tesla stock reach $500 by June 2026?",
    "side": "No",
    "action": "SELL",
    "price": 0.53,
    "amount": 655.32,
    "shares": 1236.45,
    "timestamp": "2026-03-05T06:08:02.915673"
  },
  {
    "trader_id": "0x2dd01275344854758cbcbc2d2d8b9f80d3122241",
    "trader_rank": 44,
    "market_id": "market_11",
    "question": "Will Ukraine join NATO by 2027?",
    "side": "No",
    "action": "SELL",
    "price": 0.23,
    "amount": 609.67,
    "shares": 2650.74,
    "timestamp": "2026-03-05T06:04:02.915700"
  },
  {
    "trader_id": "0x1238001ecce91cca32c9f0745c6e4b38b277fefc",
    "trader_rank": 2,
    "market_id": "market_12",
    "question": "Will Apple release AR glasses in 2026?",
    "side": "No",
    "action": "SELL",
    "price": 0.68,
    "amount": 476.64,
    "shares": 700.94,
    "timestamp": "2026-03-05T05:52:02.911719"
  },
  {
    "trader_id": "0x486ac914d69f0e171a95153bb1f0a1b13876407a",
    "trader_rank": 10,
    "market_id": "market_24",
    "question": "Will the US debt ceiling be raised?",
    "side": "Yes",
    "action": "SELL",
    "price": 0.18,
    "amount": 338.03,
    "shares": 1877.94,
    "timestamp": "2026-03-05T05:19:02.912581"
  },
  {
    "trader_id": "0xa3a627e6f288c5d5b11a8e6076fb5b79c00e707f",
    "trader_rank": 4,
    "market_id": "market_23",
    "question": "Will a new COVID variant cause lockdowns?",
    "side": "No",
    "action": "SELL",
    "price": 0.69,
    "amount": 58.73,
    "shares": 85.12,
    "timestamp": "2026-03-05T04:59:02.912054"
  },
  {
    "trader_id": "0x735e2bd9a3a5e38b4004369cc19881c2223a9a74",
    "trader_rank": 47,
    "market_id": "market_4",
    "question": "Will Trump win 2028 Republican primary?",
    "side": "No",
    "action": "SELL",
    "price": 0.99,
    "amount": 140.48,
    "shares": 141.9,
    "timestamp": "2026-03-05T04:41:02.916081"
  },
  {
    "trader_id": "0x4365fc0c12ca125acae96e9136848e13ec78667c",
    "trader_rank": 11,
    "market_id": "market_26",
    "question": "Will oil prices drop below $50/barrel?",
    "side": "Yes",
    "action": "SELL",
    "price": 0.54,
    "amount": 536.36,
    "shares": 993.26,
    "timestamp": "2026-03-05T04:31:02.912696"
  },
  {
    "trader_id": "0x19c4e8bccfa6972a0dc99c03d8310e08b73cb463",
    "trader_rank": 24,
    "market_id": "market_27",
    "question": "Will Argentina dollarize fully?",
    "side": "No",
    "action": "SELL",
    "price": 0.65,
    "amount": 832.78,
    "shares": 1281.2,
    "timestamp": "2026-03-05T04:22:02.913741"
  },
  {
    "trader_id": "0xbd537f302d402b4a342cac9fb26b89174a8c7681",
    "trader_rank": 33,
    "market_id": "market_27",
    "question": "Will Argentina dollarize fully?",
    "side": "Yes",
    "action": "SELL",
    "price": 0.3,
    "amount": 301.28,
    "shares": 1004.27,
    "timestamp": "2026-03-05T03:34:02.914593"
  },
  {
    "trader_id": "0x8b3fe41a0d63ac8425bbf0ba114e953e9a00bca5",
    "trader_rank": 17,
    "market_id": "market_14",
    "question": "Will SpaceX land humans on Mars by 2030?",
    "side": "No",
    "action": "SELL",
    "price": 0.14,
    "amount": 425.2,
    "shares": 3037.14,
    "timestamp": "2026-03-05T03:22:02.913234"
  },
  {
    "trader_id": "0x834ee841e52b6cfa57965082a86346ec390610a0",
    "trader_rank": 42,
    "market_id": "market_23",
    "question": "Will a new COVID variant cause lockdowns?",
    "side": "Yes",
    "action": "BUY",
    "price": 0.22,
    "amount": 508.29,
    "shares": 2310.41,
    "timestamp": "2026-03-05T03:21:02.915475"
  },
  {
    "trader_id": "0xf1fd29dcff7531bb02802f48956441d48d487274",
    "trader_rank": 29,
    "market_id": "market_30",
    "question": "Will AI replace 10% of jobs by 2027?",
    "side": "Yes",
    "action": "SELL",
    "price": 0.5,
    "amount": 697.49,
    "shares": 1394.98,
    "timestamp": "2026-03-05T02:45:02.914209"
  },
  {
    "trader_id": "0x735e2bd9a3a5e38b4004369cc19881c2223a9a74",
    "trader_rank": 47,
    "market_id": "market_18",
    "question": "Will Japan raise interest rates again?",
    "side": "Yes",
    "action": "BUY",
    "price": 0.59,
    "amount": 618.13,
    "shares": 1047.68,
    "timestamp": "2026-03-05T02:21:02.916142"
  },
  {
    "trader_id": "0x735e2bd9a3a5e38b4004369cc19881c2223a9a74",
    "trader_rank": 47,
    "market_id": "market_27",
    "question": "Will Argentina dollarize fully?",
    "side": "Yes",
    "action": "BUY",
    "price": 0.37,
    "amount": 874.42,
    "shares": 2363.3,
    "timestamp": "2026-03-05T02:14:02.916094"
  },
  {
    "trader_id": "0x735e2bd9a3a5e38b4004369cc19881c2223a9a74",
    "trader_rank": 47,
    "market_id": "market_15",
    "question": "Will the S&P 500 reach 7000 in 2026?",
    "side": "Yes",
    "action": "SELL",
    "price": 0.81,
    "amount": 463.84,
    "shares": 572.64,
    "timestamp": "2026-03-05T02:01:02.916114"
  },
  {
    "trader_id": "0x4365fc0c12ca125acae96e9136848e13ec78667c",
    "trader_rank": 11,
    "market_id": "market_4",
    "question": "Will Trump win 2028 Republican primary?",
    "side": "No",
    "action": "BUY",
    "price": 0.97,
    "amount": 175.76,
    "shares": 181.2,
    "timestamp": "2026-03-05T01:58:02.912660"
  },
  {
    "trader_id": "0xd3af455bf3198c56fe2023250fff5d7f939411b4",
    "trader_rank": 43,
    "market_id": "market_17",
    "question": "Will EU ban TikTok in 2026?",
    "side": "No",
    "action": "SELL",
    "price": 0.33,
    "amount": 73.74,
    "shares": 223.45,
    "timestamp": "2026-03-05T01:53:02.915602"
  },
  {
    "trader_id": "0x4365fc0c12ca125acae96e9136848e13ec78667c",
    "trader_rank": 11,
    "market_id": "market_11",
    "question": "Will Ukraine join NATO by 2027?",
    "side": "Yes",
    "action": "BUY",
    "price": 0.74,
    "amount": 39.54,
    "shares": 53.43,
    "timestamp": "2026-03-05T01:25:02.912745"
  },
  {
    "trader_id": "0x55eb02d90aad5c74c131201ed978e372ec04a473",
    "trader_rank": 41,
    "market_id": "market_9",
    "question": "Will Solana ETF be approved in 2026?",
    "side": "Yes",
    "action": "BUY",
    "price": 0.61,
    "amount": 30.03,
    "shares": 49.23,
    "timestamp": "2026-03-05T01:21:02.915313"
  },
  {
    "trader_id": "0x2dd01275344854758cbcbc2d2d8b9f80d3122241",
    "trader_rank": 44,
    "market_id": "market_24",
    "question": "Will the US debt ceiling be raised?",
    "side": "Yes",
    "action": "SELL",
    "price": 0.23,
    "amount": 652.32,
    "shares": 2836.17,
    "timestamp": "2026-03-05T01:01:02.915716"
  },
  {
    "trader_id": "0x74a8198a311df762d81e9f026402940c72e00b04",
    "trader_rank": 45,
    "market_id": "market_13",
    "question": "Will inflation drop below 2% in 2026?",
    "side": "No",
    "action": "BUY",
    "price": 0.49,
    "amount": 748.2,
    "shares": 1526.94,
    "timestamp": "2026-03-05T00:57:02.915887"
  },
  {
    "trader_id": "0x1238001ecce91cca32c9f0745c6e4b38b277fefc",
    "trader_rank": 2,
    "market_id": "market_14",
    "question": "Will SpaceX land humans on Mars by 2030?",
    "side": "Yes",
    "action": "SELL",
    "price": 0.86,
    "amount": 120.48,
    "shares": 140.09,
    "timestamp": "2026-03-05T00:44:02.911762"
  },
  {
    "trader_id": "0x486ac914d69f0e171a95153bb1f0a1b13876407a",
    "trader_rank": 10,
    "market_id": "market_8",
    "question": "Will there be a US recession in 2026?",
    "side": "Yes",
    "action": "SELL",
    "price": 0.46,
    "amount": 218.25,
    "shares": 474.46,
    "timestamp": "2026-03-05T00:42:02.912501"
  },
  {
    "trader_id": "0x10dd36b07c2229c273372f5ac0af665f99d99951",
    "trader_rank": 39,
    "market_id": "market_30",
    "question": "Will AI replace 10% of jobs by 2027?",
    "side": "No",
    "action": "BUY",
    "price": 0.47,
    "amount": 513.98,
    "shares": 1093.57,
    "timestamp": "2026-03-05T00:22:02.915168"
  },
  {
    "trader_id": "0x4619b3d0d2b68476dc3e56d3443f5d15f9879936",
    "trader_rank": 35,
    "market_id": "market_23",
    "question": "Will a new COVID variant cause lockdowns?",
    "side": "No",
    "action": "SELL",
    "price": 0.81,
    "amount": 57.43,
    "shares": 70.9,
    "timestamp": "2026-03-04T23:53:02.914834"
  },
  {
    "trader_id": "0x8c5aaa2c3cd0a1656192adf1c28574712459eeb2",
    "trader_rank": 20,
    "market_id": "market_11",
    "question": "Will Ukraine join NATO by 2027?",
    "side": "No",
    "action": "SELL",
    "price": 0.17,
    "amount": 807.46,
    "shares": 4749.76,
    "timestamp": "2026-03-04T23:32:02.913399"
  },
  {
    "trader_id": "0xaf013c272c289d813f5208f91a64d2f599e656f5",
    "trader_rank": 48,
    "market_id": "market_28",
    "question": "Will North Korea conduct nuclear test?",
    "side": "Yes",
    "action": "BUY",
    "price": 0.63,
    "amount": 214.43,
    "shares": 340.37,
    "timestamp": "2026-03-04T22:58:02.916238"
  },
  {
    "trader_id": "0xe819f25188cd418f0c7819de42493bdde10be032",
    "trader_rank": 46,
    "market_id": "market_23",
    "question": "Will a new COVID variant cause lockdowns?",
    "side": "No",
    "action": "BUY",
    "price": 0.64,
    "amount": 404.3,
    "shares": 631.72,
    "timestamp": "2026-03-04T22:42:02.915950"
  },
  {
    "trader_id": "0xe819f25188cd418f0c7819de42493bdde10be032",
    "trader_rank": 46,
    "market_id": "market_14",
    "question": "Will SpaceX land humans on Mars by 2030?",
    "side": "No",
    "action": "BUY",
    "price": 0.17,
    "amount": 390.17,
    "shares": 2295.12,
    "timestamp": "2026-03-04T22:11:02.916015"
  },
  {
    "trader_id": "0x8b3fe41a0d63ac8425bbf0ba114e953e9a00bca5",
    "trader_rank": 17,
    "market_id": "market_26",
    "question": "Will oil prices drop below $50/barrel?",
    "side": "No",
    "action": "SELL",
    "price": 0.46,
    "amount": 231.56,
    "shares": 503.39,
    "timestamp": "2026-03-04T21:57:02.913149"
  },
  {
    "trader_id": "0xdcfa31ea111cb09d7191ea2452922870dfaecc21",
    "trader_rank": 7,
    "market_id": "market_10",
    "question": "Will gold reach $3000/oz in 2026?",
    "side": "Yes",
    "action": "SELL",
    "price": 0.63,
    "amount": 712.47,
    "shares": 1130.9,
    "timestamp": "2026-03-04T21:51:02.912300"
  },
  {
    "trader_id": "0xd8ad30488b805d9b822eb6d24401a6d188be3c52",
    "trader_rank": 34,
    "market_id": "market_1",
    "question": "Will BTC exceed $100k by end of Q1 2026?",
    "side": "No",
    "action": "SELL",
    "price": 0.46,
    "amount": 349.37,
    "shares": 759.5,
    "timestamp": "2026-03-04T21:43:02.914695"
  },
  {
    "trader_id": "0x3db2a58f4feed82303f449407a876bdd70f6088b",
    "trader_rank": 28,
    "market_id": "market_26",
    "question": "Will oil prices drop below $50/barrel?",
    "side": "No",
    "action": "BUY",
    "price": 0.39,
    "amount": 901.3,
    "shares": 2311.03,
    "timestamp": "2026-03-04T21:39:02.914126"
  },
  {
    "trader_id": "0x7bc7c71484b8d9aa3b26d702b79496d1e79ffbef",
    "trader_rank": 36,
    "market_id": "market_12",
    "question": "Will Apple release AR glasses in 2026?",
    "side": "No",
    "action": "BUY",
    "price": 0.71,
    "amount": 231.94,
    "shares": 326.68,
    "timestamp": "2026-03-04T21:15:02.914856"
  },
  {
    "trader_id": "0xf3403c409d7df465917c532ef322235d8ac8601a",
    "trader_rank": 15,
    "market_id": "market_23",
    "question": "Will a new COVID variant cause lockdowns?",
    "side": "Yes",
    "action": "BUY",
    "price": 0.23,
    "amount": 112.85,
    "shares": 490.65,
    "timestamp": "2026-03-04T21:15:02.913040"
  },
  {
    "trader_id": "0x764367e925490e7a02d9f60429f4fa2dd5774d28",
    "trader_rank": 50,
    "market_id": "market_17",
    "question": "Will EU ban TikTok in 2026?",
    "side": "Yes",
    "action": "BUY",
    "price": 0.73,
    "amount": 942.2,
    "shares": 1290.68,
    "timestamp": "2026-03-04T21:08:02.916333"
  },
  {
    "trader_id": "0x9ca056f549f9afa9697ae571a1c460837662816d",
    "trader_rank": 14,
    "market_id": "market_30",
    "question": "Will AI replace 10% of jobs by 2027?",
    "side": "No",
    "action": "SELL",
    "price": 0.48,
    "amount": 418.19,
    "shares": 871.23,
    "timestamp": "2026-03-04T21:01:02.912931"
  },
  {
    "trader_id": "0xbf548ddd36f16991648acd47561841ac059d104d",
    "trader_rank": 31,
    "market_id": "market_23",
    "question": "Will a new COVID variant cause lockdowns?",
    "side": "No",
    "action": "SELL",
    "price": 0.7,
    "amount": 76.6,
    "shares": 109.43,
    "timestamp": "2026-03-04T20:34:02.914455"
  },
  {
    "trader_id": "0x19c4e8bccfa6972a0dc99c03d8310e08b73cb463",
    "trader_rank": 24,
    "market_id": "market_14",
    "question": "Will SpaceX land humans on Mars by 2030?",
    "side": "Yes",
    "action": "BUY",
    "price": 0.89,
    "amount": 41.69,
    "shares": 46.84,
    "timestamp": "2026-03-04T20:13:02.913699"
  },
  {
    "trader_id": "0x77d7e1a850334dbf453ffd99fe7f2c760c86cbcb",
    "trader_rank": 3,
    "market_id": "market_21",
    "question": "Will India's GDP growth exceed 8% in 2026?",
    "side": "No",
    "action": "BUY",
    "price": 0.94,
    "amount": 416.69,
    "shares": 443.29,
    "timestamp": "2026-03-04T20:07:02.911851"
  },
  {
    "trader_id": "0xe819f25188cd418f0c7819de42493bdde10be032",
    "trader_rank": 46,
    "market_id": "market_3",
    "question": "Will ETH flip BTC market cap in 2026?",
    "side": "No",
    "action": "BUY",
    "price": 0.4,
    "amount": 442.4,
    "shares": 1106.0,
    "timestamp": "2026-03-04T19:56:02.916057"
  },
  {
    "trader_id": "0xf7b6e6e330d7daf0b5ff963c723a1ecc28af9742",
    "trader_rank": 30,
    "market_id": "market_13",
    "question": "Will inflation drop below 2% in 2026?",
    "side": "Yes",
    "action": "SELL",
    "price": 0.53,
    "amount": 420.31,
    "shares": 793.04,
    "timestamp": "2026-03-04T19:42:02.914350"
  },
  {
    "trader_id": "0x9ca056f549f9afa9697ae571a1c460837662816d",
    "trader_rank": 14,
    "market_id": "market_10",
    "question": "Will gold reach $3000/oz in 2026?",
    "side": "Yes",
    "action": "SELL",
    "price": 0.66,
    "amount": 470.92,
    "shares": 713.52,
    "timestamp": "2026-03-04T19:37:02.912905"
  },
  {
    "trader_id": "0xe3b42351f11d951983158af60d892b3416531594",
    "trader_rank": 23,
    "market_id": "market_24",
    "question": "Will the US debt ceiling be raised?",
    "side": "No",
    "action": "SELL",
    "price": 0.78,
    "amount": 362.25,
    "shares": 464.42,
    "timestamp": "2026-03-04T19:26:02.913619"
  },
  {
    "trader_id": "0x7bc7c71484b8d9aa3b26d702b79496d1e79ffbef",
    "trader_rank": 36,
    "market_id": "market_16",
    "question": "Will a major bank adopt Bitcoin reserves?",
    "side": "No",
    "action": "BUY",
    "price": 0.35,
    "amount": 500.97,
    "shares": 1431.34,
    "timestamp": "2026-03-04T19:22:02.914906"
  },
  {
    "trader_id": "0xa3a627e6f288c5d5b11a8e6076fb5b79c00e707f",
    "trader_rank": 4,
    "market_id": "market_20",
    "question": "Will there be a major cyber attack on US infrastructure?",
    "side": "No",
    "action": "SELL",
    "price": 0.69,
    "amount": 25.05,
    "shares": 36.3,
    "timestamp": "2026-03-04T19:18:02.912061"
  },
  {
    "trader_id": "0xbd537f302d402b4a342cac9fb26b89174a8c7681",
    "trader_rank": 33,
    "market_id": "market_2",
    "question": "Will the Fed cut rates in March 2026?",
    "side": "Yes",
    "action": "SELL",
    "price": 0.72,
    "amount": 841.86,
    "shares": 1169.25,
    "timestamp": "2026-03-04T19:01:02.914559"
  },
  {
    "trader_id": "0x77d7e1a850334dbf453ffd99fe7f2c760c86cbcb",
    "trader_rank": 3,
    "market_id": "market_15",
    "question": "Will the S&P 500 reach 7000 in 2026?",
    "side": "Yes",
    "action": "SELL",
    "price": 0.8,
    "amount": 593.87,
    "shares": 742.34,
    "timestamp": "2026-03-04T18:56:02.911920"
  },
  {
    "trader_id": "0x77d7e1a850334dbf453ffd99fe7f2c760c86cbcb",
    "trader_rank": 3,
    "market_id": "market_19",
    "question": "Will Dogecoin reach $1 in 2026?",
    "side": "Yes",
    "action": "BUY",
    "price": 0.57,
    "amount": 988.19,
    "shares": 1733.67,
    "timestamp": "2026-03-04T18:20:02.911844"
  },
  {
    "trader_id": "0x55eb02d90aad5c74c131201ed978e372ec04a473",
    "trader_rank": 41,
    "market_id": "market_7",
    "question": "Will Tesla stock reach $500 by June 2026?",
    "side": "Yes",
    "action": "SELL",
    "price": 0.46,
    "amount": 156.11,
    "shares": 339.37,
    "timestamp": "2026-03-04T18:07:02.915339"
  },
  {
    "trader_id": "0x278d6e83b491051aad858f5332c745af364c88a3",
    "trader_rank": 9,
    "market_id": "market_5",
    "question": "Will China invade Taiwan by 2027?",
    "side": "Yes",
    "action": "BUY",
    "price": 0.62,
    "amount": 248.65,
    "shares": 401.05,
    "timestamp": "2026-03-04T17:44:02.912400"
  },
  {
    "trader_id": "0x77d7e1a850334dbf453ffd99fe7f2c760c86cbcb",
    "trader_rank": 3,
    "market_id": "market_16",
    "question": "Will a major bank adopt Bitcoin reserves?",
    "side": "No",
    "action": "SELL",
    "price": 0.39,
    "amount": 167.77,
    "shares": 430.18,
    "timestamp": "2026-03-04T17:19:02.911927"
  },
  {
    "trader_id": "0x486ac914d69f0e171a95153bb1f0a1b13876407a",
    "trader_rank": 10,
    "market_id": "market_29",
    "question": "Will global temperatures hit new record?",
    "side": "No",
    "action": "BUY",
    "price": 0.52,
    "amount": 969.33,
    "shares": 1864.1,
    "timestamp": "2026-03-04T17:00:02.912638"
  },
  {
    "trader_id": "0xbd537f302d402b4a342cac9fb26b89174a8c7681",
    "trader_rank": 33,
    "market_id": "market_2",
    "question": "Will the Fed cut rates in March 2026?",
    "side": "Yes",
    "action": "SELL",
    "price": 0.69,
    "amount": 199.18,
    "shares": 288.67,
    "timestamp": "2026-03-04T16:46:02.914586"
  },
  {
    "trader_id": "0x4365fc0c12ca125acae96e9136848e13ec78667c",
    "trader_rank": 11,
    "market_id": "market_3",
    "question": "Will ETH flip BTC market cap in 2026?",
    "side": "Yes",
    "action": "SELL",
    "price": 0.63,
    "amount": 223.57,
    "shares": 354.87,
    "timestamp": "2026-03-04T15:54:02.912717"
  },
  {
    "trader_id": "0x1238001ecce91cca32c9f0745c6e4b38b277fefc",
    "trader_rank": 2,
    "market_id": "market_16",
    "question": "Will a major bank adopt Bitcoin reserves?",
    "side": "No",
    "action": "BUY",
    "price": 0.38,
    "amount": 68.33,
    "shares": 179.82,
    "timestamp": "2026-03-04T15:20:02.911797"
  },
  {
    "trader_id": "0xf1ae9ca0291690c025aefb7ebee721e96c6d64c5",
    "trader_rank": 5,
    "market_id": "market_6",
    "question": "Will OpenAI release GPT-6 in 2026?",
    "side": "No",
    "action": "BUY",
    "price": 0.61,
    "amount": 312.77,
    "shares": 512.74,
    "timestamp": "2026-03-04T14:58:02.912112"
  },
  {
    "trader_id": "0x278d6e83b491051aad858f5332c745af364c88a3",
    "trader_rank": 9,
    "market_id": "market_4",
    "question": "Will Trump win 2028 Republican primary?",
    "side": "Yes",
    "action": "BUY",
    "price": 0.05,
    "amount": 673.18,
    "shares": 13463.6,
    "timestamp": "2026-03-04T14:53:02.912479"
  },
  {
    "trader_id": "0x7bc7c71484b8d9aa3b26d702b79496d1e79ffbef",
    "trader_rank": 36,
    "market_id": "market_5",
    "question": "Will China invade Taiwan by 2027?",
    "side": "No",
    "action": "SELL",
    "price": 0.3,
    "amount": 773.6,
    "shares": 2578.67,
    "timestamp": "2026-03-04T14:39:02.914863"
  },
  {
    "trader_id": "0x19c4e8bccfa6972a0dc99c03d8310e08b73cb463",
    "trader_rank": 24,
    "market_id": "market_19",
    "question": "Will Dogecoin reach $1 in 2026?",
    "side": "Yes",
    "action": "SELL",
    "price": 0.62,
    "amount": 967.42,
    "shares": 1560.35,
    "timestamp": "2026-03-04T14:29:02.913734"
  },
  {
    "trader_id": "0x74a8198a311df762d81e9f026402940c72e00b04",
    "trader_rank": 45,
    "market_id": "market_9",
    "question": "Will Solana ETF be approved in 2026?",
    "side": "No",
    "action": "SELL",
    "price": 0.3,
    "amount": 657.59,
    "shares": 2191.97,
    "timestamp": "2026-03-04T13:31:02.915901"
  },
  {
    "trader_id": "0x2dd01275344854758cbcbc2d2d8b9f80d3122241",
    "trader_rank": 44,
    "market_id": "market_20",
    "question": "Will there be a major cyber attack on US infrastructure?",
    "side": "Yes",
    "action": "BUY",
    "price": 0.31,
    "amount": 23.73,
    "shares": 76.55,
    "timestamp": "2026-03-04T12:46:02.915774"
  },
  {
    "trader_id": "0x4b41aacc323c4ae436162e949ec12f34f3d9b23b",
    "trader_rank": 25,
    "market_id": "market_21",
    "question": "Will India's GDP growth exceed 8% in 2026?",
    "side": "No",
    "action": "SELL",
    "price": 0.92,
    "amount": 274.88,
    "shares": 298.78,
    "timestamp": "2026-03-04T12:46:02.913780"
  },
  {
    "trader_id": "0x3db2a58f4feed82303f449407a876bdd70f6088b",
    "trader_rank": 28,
    "market_id": "market_24",
    "question": "Will the US debt ceiling be raised?",
    "side": "Yes",
    "action": "BUY",
    "price": 0.21,
    "amount": 362.61,
    "shares": 1726.71,
    "timestamp": "2026-03-04T12:45:02.914142"
  },
  {
    "trader_id": "0x4619b3d0d2b68476dc3e56d3443f5d15f9879936",
    "trader_rank": 35,
    "market_id": "market_26",
    "question": "Will oil prices drop below $50/barrel?",
    "side": "Yes",
    "action": "BUY",
    "price": 0.53,
    "amount": 806.16,
    "shares": 1521.06,
    "timestamp": "2026-03-04T12:41:02.914793"
  },
  {
    "trader_id": "0x5833a14273f43ecf57da925959efe0051ac4b05b",
    "trader_rank": 12,
    "market_id": "market_16",
    "question": "Will a major bank adopt Bitcoin reserves?",
    "side": "No",
    "action": "SELL",
    "price": 0.37,
    "amount": 604.96,
    "shares": 1635.03,
    "timestamp": "2026-03-04T12:37:02.912832"
  },
  {
    "trader_id": "0x47fdfcfc6fb231720b99eea0b18dc5a8be9cb849",
    "trader_rank": 49,
    "market_id": "market_6",
    "question": "Will OpenAI release GPT-6 in 2026?",
    "side": "Yes",
    "action": "SELL",
    "price": 0.29,
    "amount": 81.02,
    "shares": 279.38,
    "timestamp": "2026-03-04T12:34:02.916282"
  },
  {
    "trader_id": "0x486ac914d69f0e171a95153bb1f0a1b13876407a",
    "trader_rank": 10,
    "market_id": "market_17",
    "question": "Will EU ban TikTok in 2026?",
    "side": "Yes",
    "action": "SELL",
    "price": 0.71,
    "amount": 118.4,
    "shares": 166.76,
    "timestamp": "2026-03-04T12:31:02.912595"
  },
  {
    "trader_id": "0xa5e9f8905f09bd730c132d6f1c987455d11e374d",
    "trader_rank": 6,
    "market_id": "market_14",
    "question": "Will SpaceX land humans on Mars by 2030?",
    "side": "No",
    "action": "BUY",
    "price": 0.15,
    "amount": 414.73,
    "shares": 2764.87,
    "timestamp": "2026-03-04T12:23:02.912184"
  },
  {
    "trader_id": "0xf3403c409d7df465917c532ef322235d8ac8601a",
    "trader_rank": 15,
    "market_id": "market_19",
    "question": "Will Dogecoin reach $1 in 2026?",
    "side": "No",
    "action": "SELL",
    "price": 0.41,
    "amount": 888.55,
    "shares": 2167.2,
    "timestamp": "2026-03-04T12:15:02.913071"
  },
  {
    "trader_id": "0x7bc7c71484b8d9aa3b26d702b79496d1e79ffbef",
    "trader_rank": 36,
    "market_id": "market_20",
    "question": "Will there be a major cyber attack on US infrastructure?",
    "side": "No",
    "action": "BUY",
    "price": 0.72,
    "amount": 875.86,
    "shares": 1216.47,
    "timestamp": "2026-03-04T12:09:02.914869"
  },
  {
    "trader_id": "0x5c9b9b21d739e0200fb6accc62ac66b66ae67384",
    "trader_rank": 13,
    "market_id": "market_4",
    "question": "Will Trump win 2028 Republican primary?",
    "side": "No",
    "action": "SELL",
    "price": 0.99,
    "amount": 677.11,
    "shares": 683.95,
    "timestamp": "2026-03-04T11:35:02.912882"
  },
  {
    "trader_id": "0x4365fc0c12ca125acae96e9136848e13ec78667c",
    "trader_rank": 11,
    "market_id": "market_23",
    "question": "Will a new COVID variant cause lockdowns?",
    "side": "No",
    "action": "SELL",
    "price": 0.75,
    "amount": 327.82,
    "shares": 437.09,
    "timestamp": "2026-03-04T11:19:02.912667"
  },
  {
    "trader_id": "0x3db2a58f4feed82303f449407a876bdd70f6088b",
    "trader_rank": 28,
    "market_id": "market_12",
    "question": "Will Apple release AR glasses in 2026?",
    "side": "Yes",
    "action": "SELL",
    "price": 0.29,
    "amount": 593.9,
    "shares": 2047.93,
    "timestamp": "2026-03-04T11:13:02.914105"
  },
  {
    "trader_id": "0x19c4e8bccfa6972a0dc99c03d8310e08b73cb463",
    "trader_rank": 24,
    "market_id": "market_15",
    "question": "Will the S&P 500 reach 7000 in 2026?",
    "side": "No",
    "action": "SELL",
    "price": 0.12,
    "amount": 714.92,
    "shares": 5957.67,
    "timestamp": "2026-03-04T11:01:02.913706"
  },
  {
    "trader_id": "0x834ee841e52b6cfa57965082a86346ec390610a0",
    "trader_rank": 42,
    "market_id": "market_24",
    "question": "Will the US debt ceiling be raised?",
    "side": "Yes",
    "action": "SELL",
    "price": 0.21,
    "amount": 377.06,
    "shares": 1795.52,
    "timestamp": "2026-03-04T10:50:02.915440"
  },
  {
    "trader_id": "0x93707ab1231010c6d542855818dc3de26917d17d",
    "trader_rank": 26,
    "market_id": "market_28",
    "question": "Will North Korea conduct nuclear test?",
    "side": "No",
    "action": "SELL",
    "price": 0.33,
    "amount": 611.57,
    "shares": 1853.24,
    "timestamp": "2026-03-04T10:50:02.913860"
  },
  {
    "trader_id": "0xe819f25188cd418f0c7819de42493bdde10be032",
    "trader_rank": 46,
    "market_id": "market_15",
    "question": "Will the S&P 500 reach 7000 in 2026?",
    "side": "No",
    "action": "SELL",
    "price": 0.14,
    "amount": 24.54,
    "shares": 175.29,
    "timestamp": "2026-03-04T10:47:02.915936"
  },
  {
    "trader_id": "0x74a8198a311df762d81e9f026402940c72e00b04",
    "trader_rank": 45,
    "market_id": "market_3",
    "question": "Will ETH flip BTC market cap in 2026?",
    "side": "No",
    "action": "BUY",
    "price": 0.42,
    "amount": 145.19,
    "shares": 345.69,
    "timestamp": "2026-03-04T10:46:02.915803"
  },
  {
    "trader_id": "0x834ee841e52b6cfa57965082a86346ec390610a0",
    "trader_rank": 42,
    "market_id": "market_11",
    "question": "Will Ukraine join NATO by 2027?",
    "side": "No",
    "action": "BUY",
    "price": 0.22,
    "amount": 508.0,
    "shares": 2309.09,
    "timestamp": "2026-03-04T10:40:02.915404"
  },
  {
    "trader_id": "0xcf28acb79fe21182ecf43b3d17954a336b7c065f",
    "trader_rank": 8,
    "market_id": "market_17",
    "question": "Will EU ban TikTok in 2026?",
    "side": "No",
    "action": "BUY",
    "price": 0.3,
    "amount": 624.37,
    "shares": 2081.23,
    "timestamp": "2026-03-04T10:40:02.912386"
  },
  {
    "trader_id": "0x8b3fe41a0d63ac8425bbf0ba114e953e9a00bca5",
    "trader_rank": 17,
    "market_id": "market_14",
    "question": "Will SpaceX land humans on Mars by 2030?",
    "side": "Yes",
    "action": "SELL",
    "price": 0.88,
    "amount": 571.82,
    "shares": 649.8,
    "timestamp": "2026-03-04T10:25:02.913190"
  },
  {
    "trader_id": "0x8c5aaa2c3cd0a1656192adf1c28574712459eeb2",
    "trader_rank": 20,
    "market_id": "market_24",
    "question": "Will the US debt ceiling be raised?",
    "side": "Yes",
    "action": "BUY",
    "price": 0.18,
    "amount": 616.45,
    "shares": 3424.72,
    "timestamp": "2026-03-04T10:08:02.913427"
  },
  {
    "trader_id": "0x484f0d8e80b01810d4af76e5cb5388b455c766a0",
    "trader_rank": 22,
    "market_id": "market_26",
    "question": "Will oil prices drop below $50/barrel?",
    "side": "No",
    "action": "BUY",
    "price": 0.37,
    "amount": 119.67,
    "shares": 323.43,
    "timestamp": "2026-03-04T09:59:02.913477"
  },
  {
    "trader_id": "0x74a8198a311df762d81e9f026402940c72e00b04",
    "trader_rank": 45,
    "market_id": "market_2",
    "question": "Will the Fed cut rates in March 2026?",
    "side": "Yes",
    "action": "BUY",
    "price": 0.79,
    "amount": 614.94,
    "shares": 778.41,
    "timestamp": "2026-03-04T09:54:02.915819"
  },
  {
    "trader_id": "0xb137424095c222db027b94a1b7f727e78d262608",
    "trader_rank": 19,
    "market_id": "market_24",
    "question": "Will the US debt ceiling be raised?",
    "side": "Yes",
    "action": "SELL",
    "price": 0.18,
    "amount": 228.05,
    "shares": 1266.94,
    "timestamp": "2026-03-04T09:31:02.913345"
  },
  {
    "trader_id": "0xd8ad30488b805d9b822eb6d24401a6d188be3c52",
    "trader_rank": 34,
    "market_id": "market_4",
    "question": "Will Trump win 2028 Republican primary?",
    "side": "Yes",
    "action": "BUY",
    "price": 0.04,
    "amount": 865.94,
    "shares": 21648.5,
    "timestamp": "2026-03-04T09:30:02.914737"
  },
  {
    "trader_id": "0xf7b6e6e330d7daf0b5ff963c723a1ecc28af9742",
    "trader_rank": 30,
    "market_id": "market_4",
    "question": "Will Trump win 2028 Republican primary?",
    "side": "No",
    "action": "BUY",
    "price": 0.86,
    "amount": 111.85,
    "shares": 130.06,
    "timestamp": "2026-03-04T09:20:02.914400"
  },
  {
    "trader_id": "0xf7b6e6e330d7daf0b5ff963c723a1ecc28af9742",
    "trader_rank": 30,
    "market_id": "market_12",
    "question": "Will Apple release AR glasses in 2026?",
    "side": "Yes",
    "action": "SELL",
    "price": 0.37,
    "amount": 849.84,
    "shares": 2296.86,
    "timestamp": "2026-03-04T09:16:02.914386"
  },
  {
    "trader_id": "0x3db2a58f4feed82303f449407a876bdd70f6088b",
    "trader_rank": 28,
    "market_id": "market_11",
    "question": "Will Ukraine join NATO by 2027?",
    "side": "No",
    "action": "BUY",
    "price": 0.23,
    "amount": 956.3,
    "shares": 4157.83,
    "timestamp": "2026-03-04T09:07:02.914156"
  },
  {
    "trader_id": "0x77d7e1a850334dbf453ffd99fe7f2c760c86cbcb",
    "trader_rank": 3,
    "market_id": "market_9",
    "question": "Will Solana ETF be approved in 2026?",
    "side": "No",
    "action": "SELL",
    "price": 0.27,
    "amount": 72.41,
    "shares": 268.19,
    "timestamp": "2026-03-04T08:49:02.911948"
  },
  {
    "trader_id": "0xaf013c272c289d813f5208f91a64d2f599e656f5",
    "trader_rank": 48,
    "market_id": "market_2",
    "question": "Will the Fed cut rates in March 2026?",
    "side": "No",
    "action": "BUY",
    "price": 0.24,
    "amount": 450.94,
    "shares": 1878.92,
    "timestamp": "2026-03-04T08:44:02.916231"
  },
  {
    "trader_id": "0x2dd01275344854758cbcbc2d2d8b9f80d3122241",
    "trader_rank": 44,
    "market_id": "market_4",
    "question": "Will Trump win 2028 Republican primary?",
    "side": "No",
    "action": "SELL",
    "price": 0.98,
    "amount": 48.94,
    "shares": 49.94,
    "timestamp": "2026-03-04T08:36:02.915693"
  },
  {
    "trader_id": "0x486ac914d69f0e171a95153bb1f0a1b13876407a",
    "trader_rank": 10,
    "market_id": "market_14",
    "question": "Will SpaceX land humans on Mars by 2030?",
    "side": "No",
    "action": "SELL",
    "price": 0.15,
    "amount": 844.31,
    "shares": 5628.73,
    "timestamp": "2026-03-04T08:15:02.912574"
  },
  {
    "trader_id": "0x3db2a58f4feed82303f449407a876bdd70f6088b",
    "trader_rank": 28,
    "market_id": "market_15",
    "question": "Will the S&P 500 reach 7000 in 2026?",
    "side": "Yes",
    "action": "BUY",
    "price": 0.75,
    "amount": 820.08,
    "shares": 1093.44,
    "timestamp": "2026-03-04T08:13:02.914092"
  },
  {
    "trader_id": "0xf7b6e6e330d7daf0b5ff963c723a1ecc28af9742",
    "trader_rank": 30,
    "market_id": "market_6",
    "question": "Will OpenAI release GPT-6 in 2026?",
    "side": "No",
    "action": "BUY",
    "price": 0.64,
    "amount": 887.94,
    "shares": 1387.41,
    "timestamp": "2026-03-04T07:42:02.914393"
  },
  {
    "trader_id": "0x5c9b9b21d739e0200fb6accc62ac66b66ae67384",
    "trader_rank": 13,
    "market_id": "market_13",
    "question": "Will inflation drop below 2% in 2026?",
    "side": "Yes",
    "action": "BUY",
    "price": 0.55,
    "amount": 725.43,
    "shares": 1318.96,
    "timestamp": "2026-03-04T07:10:02.912854"
  },
  {
    "trader_id": "0xf1fd29dcff7531bb02802f48956441d48d487274",
    "trader_rank": 29,
    "market_id": "market_6",
    "question": "Will OpenAI release GPT-6 in 2026?",
    "side": "No",
    "action": "BUY",
    "price": 0.64,
    "amount": 331.43,
    "shares": 517.86,
    "timestamp": "2026-03-04T06:59:02.914276"
  },
  {
    "trader_id": "0x2dd01275344854758cbcbc2d2d8b9f80d3122241",
    "trader_rank": 44,
    "market_id": "market_23",
    "question": "Will a new COVID variant cause lockdowns?",
    "side": "Yes",
    "action": "BUY",
    "price": 0.23,
    "amount": 868.44,
    "shares": 3775.83,
    "timestamp": "2026-03-04T06:01:02.915767"
  },
  {
    "trader_id": "0xb560b92ce6d4bcfa9b8fb6bad263c1ec5c5082a2",
    "trader_rank": 18,
    "market_id": "market_8",
    "question": "Will there be a US recession in 2026?",
    "side": "No",
    "action": "SELL",
    "price": 0.52,
    "amount": 187.64,
    "shares": 360.85,
    "timestamp": "2026-03-04T05:56:02.913293"
  },
  {
    "trader_id": "0xd8ad30488b805d9b822eb6d24401a6d188be3c52",
    "trader_rank": 34,
    "market_id": "market_27",
    "question": "Will Argentina dollarize fully?",
    "side": "Yes",
    "action": "BUY",
    "price": 0.31,
    "amount": 552.46,
    "shares": 1782.13,
    "timestamp": "2026-03-04T05:54:02.914771"
  },
  {
    "trader_id": "0x2e7b1d3ea3097e4f3715e0261e884fbb822b1412",
    "trader_rank": 38,
    "market_id": "market_4",
    "question": "Will Trump win 2028 Republican primary?",
    "side": "No",
    "action": "BUY",
    "price": 0.9,
    "amount": 288.45,
    "shares": 320.5,
    "timestamp": "2026-03-04T05:39:02.915096"
  },
  {
    "trader_id": "0x2dd01275344854758cbcbc2d2d8b9f80d3122241",
    "trader_rank": 44,
    "market_id": "market_27",
    "question": "Will Argentina dollarize fully?",
    "side": "No",
    "action": "SELL",
    "price": 0.59,
    "amount": 924.36,
    "shares": 1566.71,
    "timestamp": "2026-03-04T05:36:02.915732"
  },
  {
    "trader_id": "0xbd1fa0dae3d90b87278a511af84b3da3cc7f8f8a",
    "trader_rank": 27,
    "market_id": "market_4",
    "question": "Will Trump win 2028 Republican primary?",
    "side": "No",
    "action": "BUY",
    "price": 0.99,
    "amount": 526.64,
    "shares": 531.96,
    "timestamp": "2026-03-04T05:34:02.913985"
  },
  {
    "trader_id": "0xd3af455bf3198c56fe2023250fff5d7f939411b4",
    "trader_rank": 43,
    "market_id": "market_3",
    "question": "Will ETH flip BTC market cap in 2026?",
    "side": "Yes",
    "action": "BUY",
    "price": 0.62,
    "amount": 528.76,
    "shares": 852.84,
    "timestamp": "2026-03-04T05:09:02.915630"
  },
  {
    "trader_id": "0xa3a627e6f288c5d5b11a8e6076fb5b79c00e707f",
    "trader_rank": 4,
    "market_id": "market_23",
    "question": "Will a new COVID variant cause lockdowns?",
    "side": "Yes",
    "action": "BUY",
    "price": 0.21,
    "amount": 949.17,
    "shares": 4519.86,
    "timestamp": "2026-03-04T05:02:02.912047"
  },
  {
    "trader_id": "0x1238001ecce91cca32c9f0745c6e4b38b277fefc",
    "trader_rank": 2,
    "market_id": "market_15",
    "question": "Will the S&P 500 reach 7000 in 2026?",
    "side": "No",
    "action": "SELL",
    "price": 0.13,
    "amount": 402.02,
    "shares": 3092.46,
    "timestamp": "2026-03-04T04:45:02.911776"
  },
  {
    "trader_id": "0xb137424095c222db027b94a1b7f727e78d262608",
    "trader_rank": 19,
    "market_id": "market_5",
    "question": "Will China invade Taiwan by 2027?",
    "side": "Yes",
    "action": "SELL",
    "price": 0.58,
    "amount": 722.18,
    "shares": 1245.14,
    "timestamp": "2026-03-04T04:36:02.913368"
  },
  {
    "trader_id": "0xaf013c272c289d813f5208f91a64d2f599e656f5",
    "trader_rank": 48,
    "market_id": "market_26",
    "question": "Will oil prices drop below $50/barrel?",
    "side": "Yes",
    "action": "BUY",
    "price": 0.63,
    "amount": 456.16,
    "shares": 724.06,
    "timestamp": "2026-03-04T04:25:02.916196"
  },
  {
    "trader_id": "0xa5e9f8905f09bd730c132d6f1c987455d11e374d",
    "trader_rank": 6,
    "market_id": "market_3",
    "question": "Will ETH flip BTC market cap in 2026?",
    "side": "Yes",
    "action": "BUY",
    "price": 0.57,
    "amount": 622.53,
    "shares": 1092.16,
    "timestamp": "2026-03-04T04:19:02.912191"
  },
  {
    "trader_id": "0xf1ae9ca0291690c025aefb7ebee721e96c6d64c5",
    "trader_rank": 5,
    "market_id": "market_28",
    "question": "Will North Korea conduct nuclear test?",
    "side": "Yes",
    "action": "SELL",
    "price": 0.69,
    "amount": 174.85,
    "shares": 253.41,
    "timestamp": "2026-03-04T04:00:02.912118"
  },
  {
    "trader_id": "0x93707ab1231010c6d542855818dc3de26917d17d",
    "trader_rank": 26,
    "market_id": "market_18",
    "question": "Will Japan raise interest rates again?",
    "side": "Yes",
    "action": "SELL",
    "price": 0.49,
    "amount": 152.7,
    "shares": 311.63,
    "timestamp": "2026-03-04T03:28:02.913897"
  },
  {
    "trader_id": "0x7bc7c71484b8d9aa3b26d702b79496d1e79ffbef",
    "trader_rank": 36,
    "market_id": "market_27",
    "question": "Will Argentina dollarize fully?",
    "side": "No",
    "action": "BUY",
    "price": 0.61,
    "amount": 212.39,
    "shares": 348.18,
    "timestamp": "2026-03-04T03:06:02.914876"
  },
  {
    "trader_id": "0x74a8198a311df762d81e9f026402940c72e00b04",
    "trader_rank": 45,
    "market_id": "market_22",
    "question": "Will Netflix stock double in 2026?",
    "side": "Yes",
    "action": "BUY",
    "price": 0.25,
    "amount": 215.63,
    "shares": 862.52,
    "timestamp": "2026-03-04T03:05:02.915880"
  },
  {
    "trader_id": "0x6a4031b9e2e78dab62d3656db9d7125d514ef2dd",
    "trader_rank": 32,
    "market_id": "market_14",
    "question": "Will SpaceX land humans on Mars by 2030?",
    "side": "Yes",
    "action": "SELL",
    "price": 0.88,
    "amount": 797.86,
    "shares": 906.66,
    "timestamp": "2026-03-04T02:36:02.914484"
  },
  {
    "trader_id": "0xb560b92ce6d4bcfa9b8fb6bad263c1ec5c5082a2",
    "trader_rank": 18,
    "market_id": "market_11",
    "question": "Will Ukraine join NATO by 2027?",
    "side": "No",
    "action": "BUY",
    "price": 0.17,
    "amount": 928.44,
    "shares": 5461.41,
    "timestamp": "2026-03-04T02:16:02.913256"
  },
  {
    "trader_id": "0xaf013c272c289d813f5208f91a64d2f599e656f5",
    "trader_rank": 48,
    "market_id": "market_2",
    "question": "Will the Fed cut rates in March 2026?",
    "side": "No",
    "action": "SELL",
    "price": 0.27,
    "amount": 177.17,
    "shares": 656.19,
    "timestamp": "2026-03-04T02:13:02.916252"
  },
  {
    "trader_id": "0x74a8198a311df762d81e9f026402940c72e00b04",
    "trader_rank": 45,
    "market_id": "market_20",
    "question": "Will there be a major cyber attack on US infrastructure?",
    "side": "Yes",
    "action": "BUY",
    "price": 0.29,
    "amount": 255.01,
    "shares": 879.34,
    "timestamp": "2026-03-04T01:41:02.915840"
  },
  {
    "trader_id": "0x19c4e8bccfa6972a0dc99c03d8310e08b73cb463",
    "trader_rank": 24,
    "market_id": "market_18",
    "question": "Will Japan raise interest rates again?",
    "side": "Yes",
    "action": "BUY",
    "price": 0.5,
    "amount": 374.32,
    "shares": 748.64,
    "timestamp": "2026-03-04T01:19:02.913664"
  },
  {
    "trader_id": "0xe819f25188cd418f0c7819de42493bdde10be032",
    "trader_rank": 46,
    "market_id": "market_15",
    "question": "Will the S&P 500 reach 7000 in 2026?",
    "side": "Yes",
    "action": "SELL",
    "price": 0.93,
    "amount": 647.3,
    "shares": 696.02,
    "timestamp": "2026-03-04T01:01:02.916029"
  },
  {
    "trader_id": "0xf7b6e6e330d7daf0b5ff963c723a1ecc28af9742",
    "trader_rank": 30,
    "market_id": "market_26",
    "question": "Will oil prices drop below $50/barrel?",
    "side": "Yes",
    "action": "SELL",
    "price": 0.58,
    "amount": 66.72,
    "shares": 115.03,
    "timestamp": "2026-03-04T00:43:02.914312"
  },
  {
    "trader_id": "0xd3af455bf3198c56fe2023250fff5d7f939411b4",
    "trader_rank": 43,
    "market_id": "market_13",
    "question": "Will inflation drop below 2% in 2026?",
    "side": "No",
    "action": "SELL",
    "price": 0.44,
    "amount": 619.69,
    "shares": 1408.39,
    "timestamp": "2026-03-04T00:17:02.915579"
  },
  {
    "trader_id": "0xbf548ddd36f16991648acd47561841ac059d104d",
    "trader_rank": 31,
    "market_id": "market_4",
    "question": "Will Trump win 2028 Republican primary?",
    "side": "Yes",
    "action": "SELL",
    "price": 0.05,
    "amount": 176.01,
    "shares": 3520.2,
    "timestamp": "2026-03-04T00:11:02.914441"
  },
  {
    "trader_id": "0x486ac914d69f0e171a95153bb1f0a1b13876407a",
    "trader_rank": 10,
    "market_id": "market_29",
    "question": "Will global temperatures hit new record?",
    "side": "Yes",
    "action": "BUY",
    "price": 0.53,
    "amount": 954.58,
    "shares": 1801.09,
    "timestamp": "2026-03-04T00:00:02.912602"
  },
  {
    "trader_id": "0x55eb02d90aad5c74c131201ed978e372ec04a473",
    "trader_rank": 41,
    "market_id": "market_22",
    "question": "Will Netflix stock double in 2026?",
    "side": "Yes",
    "action": "BUY",
    "price": 0.24,
    "amount": 590.28,
    "shares": 2459.5,
    "timestamp": "2026-03-03T23:37:02.915354"
  },
  {
    "trader_id": "0x19c4e8bccfa6972a0dc99c03d8310e08b73cb463",
    "trader_rank": 24,
    "market_id": "market_2",
    "question": "Will the Fed cut rates in March 2026?",
    "side": "Yes",
    "action": "BUY",
    "price": 0.74,
    "amount": 969.7,
    "shares": 1310.41,
    "timestamp": "2026-03-03T23:26:02.913692"
  },
  {
    "trader_id": "0x7bc7c71484b8d9aa3b26d702b79496d1e79ffbef",
    "trader_rank": 36,
    "market_id": "market_6",
    "question": "Will OpenAI release GPT-6 in 2026?",
    "side": "Yes",
    "action": "BUY",
    "price": 0.27,
    "amount": 667.94,
    "shares": 2473.85,
    "timestamp": "2026-03-03T23:20:02.914893"
  },
  {
    "trader_id": "0x10dd36b07c2229c273372f5ac0af665f99d99951",
    "trader_rank": 39,
    "market_id": "market_3",
    "question": "Will ETH flip BTC market cap in 2026?",
    "side": "No",
    "action": "SELL",
    "price": 0.42,
    "amount": 329.5,
    "shares": 784.52,
    "timestamp": "2026-03-03T23:19:02.915175"
  },
  {
    "trader_id": "0x4365fc0c12ca125acae96e9136848e13ec78667c",
    "trader_rank": 11,
    "market_id": "market_12",
    "question": "Will Apple release AR glasses in 2026?",
    "side": "No",
    "action": "SELL",
    "price": 0.69,
    "amount": 364.35,
    "shares": 528.04,
    "timestamp": "2026-03-03T23:12:02.912681"
  },
  {
    "trader_id": "0xd3af455bf3198c56fe2023250fff5d7f939411b4",
    "trader_rank": 43,
    "market_id": "market_18",
    "question": "Will Japan raise interest rates again?",
    "side": "Yes",
    "action": "BUY",
    "price": 0.6,
    "amount": 863.19,
    "shares": 1438.65,
    "timestamp": "2026-03-03T22:05:02.915558"
  },
  {
    "trader_id": "0x4365fc0c12ca125acae96e9136848e13ec78667c",
    "trader_rank": 11,
    "market_id": "market_21",
    "question": "Will India's GDP growth exceed 8% in 2026?",
    "side": "No",
    "action": "SELL",
    "price": 0.99,
    "amount": 563.99,
    "shares": 569.69,
    "timestamp": "2026-03-03T22:05:02.912752"
  },
  {
    "trader_id": "0x9ca056f549f9afa9697ae571a1c460837662816d",
    "trader_rank": 14,
    "market_id": "market_1",
    "question": "Will BTC exceed $100k by end of Q1 2026?",
    "side": "No",
    "action": "BUY",
    "price": 0.43,
    "amount": 392.66,
    "shares": 913.16,
    "timestamp": "2026-03-03T21:49:02.912897"
  },
  {
    "trader_id": "0x2e7b1d3ea3097e4f3715e0261e884fbb822b1412",
    "trader_rank": 38,
    "market_id": "market_2",
    "question": "Will the Fed cut rates in March 2026?",
    "side": "No",
    "action": "SELL",
    "price": 0.22,
    "amount": 939.36,
    "shares": 4269.82,
    "timestamp": "2026-03-03T21:17:02.915103"
  },
  {
    "trader_id": "0x1238001ecce91cca32c9f0745c6e4b38b277fefc",
    "trader_rank": 2,
    "market_id": "market_30",
    "question": "Will AI replace 10% of jobs by 2027?",
    "side": "Yes",
    "action": "BUY",
    "price": 0.53,
    "amount": 898.68,
    "shares": 1695.62,
    "timestamp": "2026-03-03T20:59:02.911783"
  },
  {
    "trader_id": "0x1238001ecce91cca32c9f0745c6e4b38b277fefc",
    "trader_rank": 2,
    "market_id": "market_29",
    "question": "Will global temperatures hit new record?",
    "side": "Yes",
    "action": "SELL",
    "price": 0.58,
    "amount": 721.43,
    "shares": 1243.84,
    "timestamp": "2026-03-03T20:33:02.911747"
  },
  {
    "trader_id": "0x35ac8fe89311a065fe748e2378e7767f3a91256b",
    "trader_rank": 37,
    "market_id": "market_16",
    "question": "Will a major bank adopt Bitcoin reserves?",
    "side": "No",
    "action": "SELL",
    "price": 0.37,
    "amount": 838.05,
    "shares": 2265.0,
    "timestamp": "2026-03-03T20:17:02.915025"
  },
  {
    "trader_id": "0xd3af455bf3198c56fe2023250fff5d7f939411b4",
    "trader_rank": 43,
    "market_id": "market_26",
    "question": "Will oil prices drop below $50/barrel?",
    "side": "Yes",
    "action": "BUY",
    "price": 0.62,
    "amount": 11.24,
    "shares": 18.13,
    "timestamp": "2026-03-03T20:09:02.915644"
  },
  {
    "trader_id": "0xf3403c409d7df465917c532ef322235d8ac8601a",
    "trader_rank": 15,
    "market_id": "market_10",
    "question": "Will gold reach $3000/oz in 2026?",
    "side": "Yes",
    "action": "SELL",
    "price": 0.56,
    "amount": 298.53,
    "shares": 533.09,
    "timestamp": "2026-03-03T19:58:02.913027"
  },
  {
    "trader_id": "0x9ca056f549f9afa9697ae571a1c460837662816d",
    "trader_rank": 14,
    "market_id": "market_12",
    "question": "Will Apple release AR glasses in 2026?",
    "side": "Yes",
    "action": "SELL",
    "price": 0.33,
    "amount": 528.0,
    "shares": 1600.0,
    "timestamp": "2026-03-03T19:57:02.912915"
  },
  {
    "trader_id": "0x834ee841e52b6cfa57965082a86346ec390610a0",
    "trader_rank": 42,
    "market_id": "market_30",
    "question": "Will AI replace 10% of jobs by 2027?",
    "side": "Yes",
    "action": "BUY",
    "price": 0.54,
    "amount": 31.96,
    "shares": 59.19,
    "timestamp": "2026-03-03T19:15:02.915495"
  },
  {
    "trader_id": "0xb137424095c222db027b94a1b7f727e78d262608",
    "trader_rank": 19,
    "market_id": "market_25",
    "question": "Will Ethereum switch to a new consensus?",
    "side": "Yes",
    "action": "BUY",
    "price": 0.26,
    "amount": 529.08,
    "shares": 2034.92,
    "timestamp": "2026-03-03T19:05:02.913378"
  },
  {
    "trader_id": "0xa6fdcecb4695e0bbef8d115d82b6e71990b9fb56",
    "trader_rank": 21,
    "market_id": "market_24",
    "question": "Will the US debt ceiling be raised?",
    "side": "No",
    "action": "SELL",
    "price": 0.84,
    "amount": 526.25,
    "shares": 626.49,
    "timestamp": "2026-03-03T18:53:02.913456"
  },
  {
    "trader_id": "0xf1fd29dcff7531bb02802f48956441d48d487274",
    "trader_rank": 29,
    "market_id": "market_12",
    "question": "Will Apple release AR glasses in 2026?",
    "side": "No",
    "action": "BUY",
    "price": 0.65,
    "amount": 959.73,
    "shares": 1476.51,
    "timestamp": "2026-03-03T18:44:02.914216"
  },
  {
    "trader_id": "0xe819f25188cd418f0c7819de42493bdde10be032",
    "trader_rank": 46,
    "market_id": "market_26",
    "question": "Will oil prices drop below $50/barrel?",
    "side": "No",
    "action": "SELL",
    "price": 0.47,
    "amount": 528.26,
    "shares": 1123.96,
    "timestamp": "2026-03-03T18:42:02.915978"
  },
  {
    "trader_id": "0xf7b6e6e330d7daf0b5ff963c723a1ecc28af9742",
    "trader_rank": 30,
    "market_id": "market_14",
    "question": "Will SpaceX land humans on Mars by 2030?",
    "side": "No",
    "action": "SELL",
    "price": 0.14,
    "amount": 507.09,
    "shares": 3622.07,
    "timestamp": "2026-03-03T18:32:02.914305"
  },
  {
    "trader_id": "0x764367e925490e7a02d9f60429f4fa2dd5774d28",
    "trader_rank": 50,
    "market_id": "market_1",
    "question": "Will BTC exceed $100k by end of Q1 2026?",
    "side": "Yes",
    "action": "SELL",
    "price": 0.62,
    "amount": 656.29,
    "shares": 1058.53,
    "timestamp": "2026-03-03T18:27:02.916389"
  },
  {
    "trader_id": "0xa5e9f8905f09bd730c132d6f1c987455d11e374d",
    "trader_rank": 6,
    "market_id": "market_25",
    "question": "Will Ethereum switch to a new consensus?",
    "side": "No",
    "action": "BUY",
    "price": 0.73,
    "amount": 464.69,
    "shares": 636.56,
    "timestamp": "2026-03-03T18:27:02.912198"
  },
  {
    "trader_id": "0xbd1fa0dae3d90b87278a511af84b3da3cc7f8f8a",
    "trader_rank": 27,
    "market_id": "market_14",
    "question": "Will SpaceX land humans on Mars by 2030?",
    "side": "Yes",
    "action": "SELL",
    "price": 0.95,
    "amount": 145.58,
    "shares": 153.24,
    "timestamp": "2026-03-03T18:23:02.914033"
  },
  {
    "trader_id": "0xaf20cca38352c16569473b780c5b43417e64cbd0",
    "trader_rank": 40,
    "market_id": "market_5",
    "question": "Will China invade Taiwan by 2027?",
    "side": "Yes",
    "action": "BUY",
    "price": 0.7,
    "amount": 303.44,
    "shares": 433.49,
    "timestamp": "2026-03-03T17:48:02.915257"
  },
  {
    "trader_id": "0x5833a14273f43ecf57da925959efe0051ac4b05b",
    "trader_rank": 12,
    "market_id": "market_11",
    "question": "Will Ukraine join NATO by 2027?",
    "side": "No",
    "action": "BUY",
    "price": 0.19,
    "amount": 843.07,
    "shares": 4437.21,
    "timestamp": "2026-03-03T17:48:02.912811"
  },
  {
    "trader_id": "0xd8ad30488b805d9b822eb6d24401a6d188be3c52",
    "trader_rank": 34,
    "market_id": "market_3",
    "question": "Will ETH flip BTC market cap in 2026?",
    "side": "No",
    "action": "BUY",
    "price": 0.38,
    "amount": 311.97,
    "shares": 820.97,
    "timestamp": "2026-03-03T15:54:02.914702"
  },
  {
    "trader_id": "0x55eb02d90aad5c74c131201ed978e372ec04a473",
    "trader_rank": 41,
    "market_id": "market_14",
    "question": "Will SpaceX land humans on Mars by 2030?",
    "side": "No",
    "action": "SELL",
    "price": 0.15,
    "amount": 35.98,
    "shares": 239.87,
    "timestamp": "2026-03-03T15:47:02.915375"
  },
  {
    "trader_id": "0xd3af455bf3198c56fe2023250fff5d7f939411b4",
    "trader_rank": 43,
    "market_id": "market_15",
    "question": "Will the S&P 500 reach 7000 in 2026?",
    "side": "No",
    "action": "BUY",
    "price": 0.14,
    "amount": 820.53,
    "shares": 5860.93,
    "timestamp": "2026-03-03T15:36:02.915542"
  },
  {
    "trader_id": "0x4365fc0c12ca125acae96e9136848e13ec78667c",
    "trader_rank": 11,
    "market_id": "market_20",
    "question": "Will there be a major cyber attack on US infrastructure?",
    "side": "Yes",
    "action": "SELL",
    "price": 0.27,
    "amount": 215.7,
    "shares": 798.89,
    "timestamp": "2026-03-03T15:29:02.912674"
  },
  {
    "trader_id": "0xe819f25188cd418f0c7819de42493bdde10be032",
    "trader_rank": 46,
    "market_id": "market_23",
    "question": "Will a new COVID variant cause lockdowns?",
    "side": "Yes",
    "action": "BUY",
    "price": 0.27,
    "amount": 925.96,
    "shares": 3429.48,
    "timestamp": "2026-03-03T15:26:02.915984"
  },
  {
    "trader_id": "0xf1fd29dcff7531bb02802f48956441d48d487274",
    "trader_rank": 29,
    "market_id": "market_19",
    "question": "Will Dogecoin reach $1 in 2026?",
    "side": "No",
    "action": "BUY",
    "price": 0.37,
    "amount": 774.28,
    "shares": 2092.65,
    "timestamp": "2026-03-03T15:22:02.914248"
  },
  {
    "trader_id": "0x55eb02d90aad5c74c131201ed978e372ec04a473",
    "trader_rank": 41,
    "market_id": "market_19",
    "question": "Will Dogecoin reach $1 in 2026?",
    "side": "Yes",
    "action": "SELL",
    "price": 0.65,
    "amount": 865.15,
    "shares": 1331.0,
    "timestamp": "2026-03-03T15:20:02.915382"
  },
  {
    "trader_id": "0xd8ad30488b805d9b822eb6d24401a6d188be3c52",
    "trader_rank": 34,
    "market_id": "market_29",
    "question": "Will global temperatures hit new record?",
    "side": "Yes",
    "action": "SELL",
    "price": 0.52,
    "amount": 815.88,
    "shares": 1569.0,
    "timestamp": "2026-03-03T15:13:02.914750"
  },
  {
    "trader_id": "0xcb96d267efe070a760c0782bd8733162f2b68d3d",
    "trader_rank": 16,
    "market_id": "market_5",
    "question": "Will China invade Taiwan by 2027?",
    "side": "Yes",
    "action": "SELL",
    "price": 0.7,
    "amount": 455.36,
    "shares": 650.51,
    "timestamp": "2026-03-03T15:02:02.913100"
  },
  {
    "trader_id": "0xf3403c409d7df465917c532ef322235d8ac8601a",
    "trader_rank": 15,
    "market_id": "market_10",
    "question": "Will gold reach $3000/oz in 2026?",
    "side": "Yes",
    "action": "SELL",
    "price": 0.58,
    "amount": 952.46,
    "shares": 1642.17,
    "timestamp": "2026-03-03T15:01:02.912990"
  },
  {
    "trader_id": "0x486ac914d69f0e171a95153bb1f0a1b13876407a",
    "trader_rank": 10,
    "market_id": "market_10",
    "question": "Will gold reach $3000/oz in 2026?",
    "side": "No",
    "action": "SELL",
    "price": 0.31,
    "amount": 826.92,
    "shares": 2667.48,
    "timestamp": "2026-03-03T14:45:02.912532"
  },
  {
    "trader_id": "0x2dd01275344854758cbcbc2d2d8b9f80d3122241",
    "trader_rank": 44,
    "market_id": "market_4",
    "question": "Will Trump win 2028 Republican primary?",
    "side": "No",
    "action": "BUY",
    "price": 0.99,
    "amount": 71.27,
    "shares": 71.99,
    "timestamp": "2026-03-03T14:44:02.915746"
  },
  {
    "trader_id": "0xd8ad30488b805d9b822eb6d24401a6d188be3c52",
    "trader_rank": 34,
    "market_id": "market_27",
    "question": "Will Argentina dollarize fully?",
    "side": "Yes",
    "action": "SELL",
    "price": 0.28,
    "amount": 935.54,
    "shares": 3341.21,
    "timestamp": "2026-03-03T13:49:02.914744"
  },
  {
    "trader_id": "0xcf28acb79fe21182ecf43b3d17954a336b7c065f",
    "trader_rank": 8,
    "market_id": "market_13",
    "question": "Will inflation drop below 2% in 2026?",
    "side": "Yes",
    "action": "BUY",
    "price": 0.52,
    "amount": 631.53,
    "shares": 1214.48,
    "timestamp": "2026-03-03T13:35:02.912372"
  },
  {
    "trader_id": "0x2e7b1d3ea3097e4f3715e0261e884fbb822b1412",
    "trader_rank": 38,
    "market_id": "market_2",
    "question": "Will the Fed cut rates in March 2026?",
    "side": "Yes",
    "action": "SELL",
    "price": 0.75,
    "amount": 328.27,
    "shares": 437.69,
    "timestamp": "2026-03-03T12:56:02.915089"
  },
  {
    "trader_id": "0x4b41aacc323c4ae436162e949ec12f34f3d9b23b",
    "trader_rank": 25,
    "market_id": "market_2",
    "question": "Will the Fed cut rates in March 2026?",
    "side": "Yes",
    "action": "SELL",
    "price": 0.73,
    "amount": 276.92,
    "shares": 379.34,
    "timestamp": "2026-03-03T12:44:02.913773"
  },
  {
    "trader_id": "0xf1ae9ca0291690c025aefb7ebee721e96c6d64c5",
    "trader_rank": 5,
    "market_id": "market_12",
    "question": "Will Apple release AR glasses in 2026?",
    "side": "Yes",
    "action": "BUY",
    "price": 0.29,
    "amount": 673.52,
    "shares": 2322.48,
    "timestamp": "2026-03-03T12:38:02.912091"
  },
  {
    "trader_id": "0x735e2bd9a3a5e38b4004369cc19881c2223a9a74",
    "trader_rank": 47,
    "market_id": "market_21",
    "question": "Will India's GDP growth exceed 8% in 2026?",
    "side": "No",
    "action": "SELL",
    "price": 0.99,
    "amount": 479.93,
    "shares": 484.78,
    "timestamp": "2026-03-03T12:34:02.916149"
  },
  {
    "trader_id": "0x4365fc0c12ca125acae96e9136848e13ec78667c",
    "trader_rank": 11,
    "market_id": "market_15",
    "question": "Will the S&P 500 reach 7000 in 2026?",
    "side": "No",
    "action": "BUY",
    "price": 0.11,
    "amount": 494.56,
    "shares": 4496.0,
    "timestamp": "2026-03-03T12:29:02.912653"
  },
  {
    "trader_id": "0x8b3fe41a0d63ac8425bbf0ba114e953e9a00bca5",
    "trader_rank": 17,
    "market_id": "market_13",
    "question": "Will inflation drop below 2% in 2026?",
    "side": "No",
    "action": "SELL",
    "price": 0.49,
    "amount": 328.98,
    "shares": 671.39,
    "timestamp": "2026-03-03T11:55:02.913227"
  },
  {
    "trader_id": "0xbd537f302d402b4a342cac9fb26b89174a8c7681",
    "trader_rank": 33,
    "market_id": "market_9",
    "question": "Will Solana ETF be approved in 2026?",
    "side": "Yes",
    "action": "BUY",
    "price": 0.6,
    "amount": 465.25,
    "shares": 775.42,
    "timestamp": "2026-03-03T11:50:02.914621"
  },
  {
    "trader_id": "0xbd537f302d402b4a342cac9fb26b89174a8c7681",
    "trader_rank": 33,
    "market_id": "market_9",
    "question": "Will Solana ETF be approved in 2026?",
    "side": "No",
    "action": "BUY",
    "price": 0.32,
    "amount": 749.77,
    "shares": 2343.03,
    "timestamp": "2026-03-03T11:42:02.914545"
  },
  {
    "trader_id": "0xbd1fa0dae3d90b87278a511af84b3da3cc7f8f8a",
    "trader_rank": 27,
    "market_id": "market_4",
    "question": "Will Trump win 2028 Republican primary?",
    "side": "No",
    "action": "BUY",
    "price": 0.9,
    "amount": 274.21,
    "shares": 304.68,
    "timestamp": "2026-03-03T11:04:02.914040"
  },
  {
    "trader_id": "0x764367e925490e7a02d9f60429f4fa2dd5774d28",
    "trader_rank": 50,
    "market_id": "market_26",
    "question": "Will oil prices drop below $50/barrel?",
    "side": "Yes",
    "action": "BUY",
    "price": 0.51,
    "amount": 902.64,
    "shares": 1769.88,
    "timestamp": "2026-03-03T11:03:02.916382"
  },
  {
    "trader_id": "0x4619b3d0d2b68476dc3e56d3443f5d15f9879936",
    "trader_rank": 35,
    "market_id": "market_3",
    "question": "Will ETH flip BTC market cap in 2026?",
    "side": "No",
    "action": "BUY",
    "price": 0.41,
    "amount": 576.47,
    "shares": 1406.02,
    "timestamp": "2026-03-03T10:44:02.914800"
  },
  {
    "trader_id": "0xaf013c272c289d813f5208f91a64d2f599e656f5",
    "trader_rank": 48,
    "market_id": "market_26",
    "question": "Will oil prices drop below $50/barrel?",
    "side": "No",
    "action": "BUY",
    "price": 0.36,
    "amount": 539.83,
    "shares": 1499.53,
    "timestamp": "2026-03-03T10:35:02.916210"
  },
  {
    "trader_id": "0xaf013c272c289d813f5208f91a64d2f599e656f5",
    "trader_rank": 48,
    "market_id": "market_30",
    "question": "Will AI replace 10% of jobs by 2027?",
    "side": "No",
    "action": "BUY",
    "price": 0.41,
    "amount": 104.25,
    "shares": 254.27,
    "timestamp": "2026-03-03T10:26:02.916245"
  },
  {
    "trader_id": "0x8b3fe41a0d63ac8425bbf0ba114e953e9a00bca5",
    "trader_rank": 17,
    "market_id": "market_8",
    "question": "Will there be a US recession in 2026?",
    "side": "Yes",
    "action": "SELL",
    "price": 0.45,
    "amount": 440.64,
    "shares": 979.2,
    "timestamp": "2026-03-03T10:19:02.913206"
  },
  {
    "trader_id": "0xf7b6e6e330d7daf0b5ff963c723a1ecc28af9742",
    "trader_rank": 30,
    "market_id": "market_13",
    "question": "Will inflation drop below 2% in 2026?",
    "side": "Yes",
    "action": "SELL",
    "price": 0.46,
    "amount": 807.32,
    "shares": 1755.04,
    "timestamp": "2026-03-03T09:37:02.914377"
  },
  {
    "trader_id": "0x834ee841e52b6cfa57965082a86346ec390610a0",
    "trader_rank": 42,
    "market_id": "market_22",
    "question": "Will Netflix stock double in 2026?",
    "side": "Yes",
    "action": "SELL",
    "price": 0.29,
    "amount": 176.47,
    "shares": 608.52,
    "timestamp": "2026-03-03T09:27:02.915454"
  },
  {
    "trader_id": "0x2e7b1d3ea3097e4f3715e0261e884fbb822b1412",
    "trader_rank": 38,
    "market_id": "market_18",
    "question": "Will Japan raise interest rates again?",
    "side": "Yes",
    "action": "BUY",
    "price": 0.52,
    "amount": 463.52,
    "shares": 891.38,
    "timestamp": "2026-03-03T09:12:02.915119"
  },
  {
    "trader_id": "0x486ac914d69f0e171a95153bb1f0a1b13876407a",
    "trader_rank": 10,
    "market_id": "market_10",
    "question": "Will gold reach $3000/oz in 2026?",
    "side": "Yes",
    "action": "SELL",
    "price": 0.58,
    "amount": 896.1,
    "shares": 1545.0,
    "timestamp": "2026-03-03T09:00:02.912567"
  },
  {
    "trader_id": "0x278d6e83b491051aad858f5332c745af364c88a3",
    "trader_rank": 9,
    "market_id": "market_20",
    "question": "Will there be a major cyber attack on US infrastructure?",
    "side": "No",
    "action": "SELL",
    "price": 0.74,
    "amount": 875.07,
    "shares": 1182.53,
    "timestamp": "2026-03-03T08:43:02.912451"
  },
  {
    "trader_id": "0x2dd01275344854758cbcbc2d2d8b9f80d3122241",
    "trader_rank": 44,
    "market_id": "market_18",
    "question": "Will Japan raise interest rates again?",
    "side": "Yes",
    "action": "BUY",
    "price": 0.47,
    "amount": 199.68,
    "shares": 424.85,
    "timestamp": "2026-03-03T08:41:02.915723"
  },
  {
    "trader_id": "0x8c5aaa2c3cd0a1656192adf1c28574712459eeb2",
    "trader_rank": 20,
    "market_id": "market_19",
    "question": "Will Dogecoin reach $1 in 2026?",
    "side": "Yes",
    "action": "BUY",
    "price": 0.54,
    "amount": 408.31,
    "shares": 756.13,
    "timestamp": "2026-03-03T08:15:02.913406"
  },
  {
    "trader_id": "0xe819f25188cd418f0c7819de42493bdde10be032",
    "trader_rank": 46,
    "market_id": "market_21",
    "question": "Will India's GDP growth exceed 8% in 2026?",
    "side": "Yes",
    "action": "BUY",
    "price": 0.05,
    "amount": 432.79,
    "shares": 8655.8,
    "timestamp": "2026-03-03T07:44:02.915964"
  },
  {
    "trader_id": "0x278d6e83b491051aad858f5332c745af364c88a3",
    "trader_rank": 9,
    "market_id": "market_24",
    "question": "Will the US debt ceiling be raised?",
    "side": "Yes",
    "action": "BUY",
    "price": 0.2,
    "amount": 456.0,
    "shares": 2280.0,
    "timestamp": "2026-03-03T07:25:02.912421"
  },
  {
    "trader_id": "0x3db2a58f4feed82303f449407a876bdd70f6088b",
    "trader_rank": 28,
    "market_id": "market_21",
    "question": "Will India's GDP growth exceed 8% in 2026?",
    "side": "Yes",
    "action": "SELL",
    "price": 0.05,
    "amount": 306.03,
    "shares": 6120.6,
    "timestamp": "2026-03-03T06:20:02.914068"
  },
  {
    "trader_id": "0xbd1fa0dae3d90b87278a511af84b3da3cc7f8f8a",
    "trader_rank": 27,
    "market_id": "market_26",
    "question": "Will oil prices drop below $50/barrel?",
    "side": "Yes",
    "action": "SELL",
    "price": 0.54,
    "amount": 928.09,
    "shares": 1718.69,
    "timestamp": "2026-03-03T05:56:02.913978"
  },
  {
    "trader_id": "0xbd537f302d402b4a342cac9fb26b89174a8c7681",
    "trader_rank": 33,
    "market_id": "market_9",
    "question": "Will Solana ETF be approved in 2026?",
    "side": "No",
    "action": "SELL",
    "price": 0.27,
    "amount": 20.34,
    "shares": 75.33,
    "timestamp": "2026-03-03T05:46:02.914649"
  },
  {
    "trader_id": "0x35ac8fe89311a065fe748e2378e7767f3a91256b",
    "trader_rank": 37,
    "market_id": "market_27",
    "question": "Will Argentina dollarize fully?",
    "side": "Yes",
    "action": "SELL",
    "price": 0.35,
    "amount": 438.88,
    "shares": 1253.94,
    "timestamp": "2026-03-03T05:32:02.914992"
  },
  {
    "trader_id": "0x19c4e8bccfa6972a0dc99c03d8310e08b73cb463",
    "trader_rank": 24,
    "market_id": "market_23",
    "question": "Will a new COVID variant cause lockdowns?",
    "side": "No",
    "action": "SELL",
    "price": 0.72,
    "amount": 838.02,
    "shares": 1163.92,
    "timestamp": "2026-03-03T05:24:02.913755"
  },
  {
    "trader_id": "0x93707ab1231010c6d542855818dc3de26917d17d",
    "trader_rank": 26,
    "market_id": "market_22",
    "question": "Will Netflix stock double in 2026?",
    "side": "Yes",
    "action": "SELL",
    "price": 0.27,
    "amount": 711.7,
    "shares": 2635.93,
    "timestamp": "2026-03-03T05:05:02.913918"
  },
  {
    "trader_id": "0x3db2a58f4feed82303f449407a876bdd70f6088b",
    "trader_rank": 28,
    "market_id": "market_20",
    "question": "Will there be a major cyber attack on US infrastructure?",
    "side": "Yes",
    "action": "SELL",
    "price": 0.29,
    "amount": 306.45,
    "shares": 1056.72,
    "timestamp": "2026-03-03T04:53:02.914193"
  },
  {
    "trader_id": "0x735e2bd9a3a5e38b4004369cc19881c2223a9a74",
    "trader_rank": 47,
    "market_id": "market_13",
    "question": "Will inflation drop below 2% in 2026?",
    "side": "Yes",
    "action": "BUY",
    "price": 0.6,
    "amount": 782.27,
    "shares": 1303.78,
    "timestamp": "2026-03-03T04:33:02.916128"
  },
  {
    "trader_id": "0x2dd01275344854758cbcbc2d2d8b9f80d3122241",
    "trader_rank": 44,
    "market_id": "market_4",
    "question": "Will Trump win 2028 Republican primary?",
    "side": "No",
    "action": "SELL",
    "price": 0.99,
    "amount": 324.08,
    "shares": 327.35,
    "timestamp": "2026-03-03T03:53:02.915709"
  },
  {
    "trader_id": "0xf1fd29dcff7531bb02802f48956441d48d487274",
    "trader_rank": 29,
    "market_id": "market_2",
    "question": "Will the Fed cut rates in March 2026?",
    "side": "No",
    "action": "BUY",
    "price": 0.24,
    "amount": 468.63,
    "shares": 1952.62,
    "timestamp": "2026-03-03T03:11:02.914290"
  },
  {
    "trader_id": "0xa3a627e6f288c5d5b11a8e6076fb5b79c00e707f",
    "trader_rank": 4,
    "market_id": "market_15",
    "question": "Will the S&P 500 reach 7000 in 2026?",
    "side": "No",
    "action": "BUY",
    "price": 0.13,
    "amount": 72.77,
    "shares": 559.77,
    "timestamp": "2026-03-03T02:38:02.911996"
  },
  {
    "trader_id": "0xbd537f302d402b4a342cac9fb26b89174a8c7681",
    "trader_rank": 33,
    "market_id": "market_9",
    "question": "Will Solana ETF be approved in 2026?",
    "side": "No",
    "action": "BUY",
    "price": 0.3,
    "amount": 413.22,
    "shares": 1377.4,
    "timestamp": "2026-03-03T02:36:02.914628"
  },
  {
    "trader_id": "0x6a4031b9e2e78dab62d3656db9d7125d514ef2dd",
    "trader_rank": 32,
    "market_id": "market_28",
    "question": "Will North Korea conduct nuclear test?",
    "side": "No",
    "action": "BUY",
    "price": 0.29,
    "amount": 125.53,
    "shares": 432.86,
    "timestamp": "2026-03-03T02:32:02.914511"
  },
  {
    "trader_id": "0x2e7b1d3ea3097e4f3715e0261e884fbb822b1412",
    "trader_rank": 38,
    "market_id": "market_18",
    "question": "Will Japan raise interest rates again?",
    "side": "No",
    "action": "BUY",
    "price": 0.5,
    "amount": 735.87,
    "shares": 1471.74,
    "timestamp": "2026-03-03T02:28:02.915140"
  },
  {
    "trader_id": "0x10dd36b07c2229c273372f5ac0af665f99d99951",
    "trader_rank": 39,
    "market_id": "market_10",
    "question": "Will gold reach $3000/oz in 2026?",
    "side": "Yes",
    "action": "BUY",
    "price": 0.69,
    "amount": 296.58,
    "shares": 429.83,
    "timestamp": "2026-03-03T02:08:02.915191"
  },
  {
    "trader_id": "0x8b3fe41a0d63ac8425bbf0ba114e953e9a00bca5",
    "trader_rank": 17,
    "market_id": "market_5",
    "question": "Will China invade Taiwan by 2027?",
    "side": "No",
    "action": "SELL",
    "price": 0.32,
    "amount": 370.75,
    "shares": 1158.59,
    "timestamp": "2026-03-03T01:51:02.913169"
  },
  {
    "trader_id": "0x486ac914d69f0e171a95153bb1f0a1b13876407a",
    "trader_rank": 10,
    "market_id": "market_22",
    "question": "Will Netflix stock double in 2026?",
    "side": "Yes",
    "action": "BUY",
    "price": 0.27,
    "amount": 580.55,
    "shares": 2150.19,
    "timestamp": "2026-03-03T01:37:02.912609"
  },
  {
    "trader_id": "0x834ee841e52b6cfa57965082a86346ec390610a0",
    "trader_rank": 42,
    "market_id": "market_18",
    "question": "Will Japan raise interest rates again?",
    "side": "No",
    "action": "SELL",
    "price": 0.53,
    "amount": 473.88,
    "shares": 894.11,
    "timestamp": "2026-03-03T01:28:02.915468"
  },
  {
    "trader_id": "0xbd1fa0dae3d90b87278a511af84b3da3cc7f8f8a",
    "trader_rank": 27,
    "market_id": "market_21",
    "question": "Will India's GDP growth exceed 8% in 2026?",
    "side": "No",
    "action": "BUY",
    "price": 0.99,
    "amount": 114.04,
    "shares": 115.19,
    "timestamp": "2026-03-03T01:22:02.913999"
  },
  {
    "trader_id": "0x764367e925490e7a02d9f60429f4fa2dd5774d28",
    "trader_rank": 50,
    "market_id": "market_15",
    "question": "Will the S&P 500 reach 7000 in 2026?",
    "side": "Yes",
    "action": "SELL",
    "price": 0.85,
    "amount": 288.46,
    "shares": 339.36,
    "timestamp": "2026-03-03T01:20:02.916368"
  },
  {
    "trader_id": "0xf1fd29dcff7531bb02802f48956441d48d487274",
    "trader_rank": 29,
    "market_id": "market_1",
    "question": "Will BTC exceed $100k by end of Q1 2026?",
    "side": "No",
    "action": "SELL",
    "price": 0.4,
    "amount": 42.1,
    "shares": 105.25,
    "timestamp": "2026-03-03T01:15:02.914242"
  },
  {
    "trader_id": "0xdcfa31ea111cb09d7191ea2452922870dfaecc21",
    "trader_rank": 7,
    "market_id": "market_23",
    "question": "Will a new COVID variant cause lockdowns?",
    "side": "No",
    "action": "SELL",
    "price": 0.7,
    "amount": 287.29,
    "shares": 410.41,
    "timestamp": "2026-03-03T00:13:02.912343"
  },
  {
    "trader_id": "0x2dd01275344854758cbcbc2d2d8b9f80d3122241",
    "trader_rank": 44,
    "market_id": "market_27",
    "question": "Will Argentina dollarize fully?",
    "side": "Yes",
    "action": "SELL",
    "price": 0.34,
    "amount": 541.28,
    "shares": 1592.0,
    "timestamp": "2026-03-02T23:59:02.915686"
  },
  {
    "trader_id": "0x6a4031b9e2e78dab62d3656db9d7125d514ef2dd",
    "trader_rank": 32,
    "market_id": "market_26",
    "question": "Will oil prices drop below $50/barrel?",
    "side": "No",
    "action": "BUY",
    "price": 0.4,
    "amount": 616.35,
    "shares": 1540.88,
    "timestamp": "2026-03-02T23:32:02.914490"
  },
  {
    "trader_id": "0x55eb02d90aad5c74c131201ed978e372ec04a473",
    "trader_rank": 41,
    "market_id": "market_21",
    "question": "Will India's GDP growth exceed 8% in 2026?",
    "side": "Yes",
    "action": "BUY",
    "price": 0.05,
    "amount": 84.66,
    "shares": 1693.2,
    "timestamp": "2026-03-02T23:17:02.915279"
  },
  {
    "trader_id": "0xa6fdcecb4695e0bbef8d115d82b6e71990b9fb56",
    "trader_rank": 21,
    "market_id": "market_30",
    "question": "Will AI replace 10% of jobs by 2027?",
    "side": "Yes",
    "action": "BUY",
    "price": 0.53,
    "amount": 519.62,
    "shares": 980.42,
    "timestamp": "2026-03-02T23:13:02.913448"
  },
  {
    "trader_id": "0x4b41aacc323c4ae436162e949ec12f34f3d9b23b",
    "trader_rank": 25,
    "market_id": "market_6",
    "question": "Will OpenAI release GPT-6 in 2026?",
    "side": "No",
    "action": "BUY",
    "price": 0.68,
    "amount": 73.31,
    "shares": 107.81,
    "timestamp": "2026-03-02T22:36:02.913787"
  },
  {
    "trader_id": "0x77d7e1a850334dbf453ffd99fe7f2c760c86cbcb",
    "trader_rank": 3,
    "market_id": "market_24",
    "question": "Will the US debt ceiling be raised?",
    "side": "No",
    "action": "BUY",
    "price": 0.79,
    "amount": 431.28,
    "shares": 545.92,
    "timestamp": "2026-03-02T22:33:02.911905"
  },
  {
    "trader_id": "0x55eb02d90aad5c74c131201ed978e372ec04a473",
    "trader_rank": 41,
    "market_id": "market_7",
    "question": "Will Tesla stock reach $500 by June 2026?",
    "side": "Yes",
    "action": "SELL",
    "price": 0.52,
    "amount": 116.95,
    "shares": 224.9,
    "timestamp": "2026-03-02T22:32:02.915389"
  },
  {
    "trader_id": "0x35ac8fe89311a065fe748e2378e7767f3a91256b",
    "trader_rank": 37,
    "market_id": "market_1",
    "question": "Will BTC exceed $100k by end of Q1 2026?",
    "side": "Yes",
    "action": "SELL",
    "price": 0.57,
    "amount": 626.48,
    "shares": 1099.09,
    "timestamp": "2026-03-02T22:29:02.914985"
  },
  {
    "trader_id": "0xa3a627e6f288c5d5b11a8e6076fb5b79c00e707f",
    "trader_rank": 4,
    "market_id": "market_7",
    "question": "Will Tesla stock reach $500 by June 2026?",
    "side": "No",
    "action": "BUY",
    "price": 0.46,
    "amount": 978.52,
    "shares": 2127.22,
    "timestamp": "2026-03-02T22:12:02.912017"
  },
  {
    "trader_id": "0x5833a14273f43ecf57da925959efe0051ac4b05b",
    "trader_rank": 12,
    "market_id": "market_28",
    "question": "Will North Korea conduct nuclear test?",
    "side": "No",
    "action": "SELL",
    "price": 0.3,
    "amount": 339.98,
    "shares": 1133.27,
    "timestamp": "2026-03-02T22:02:02.912818"
  },
  {
    "trader_id": "0x8c5aaa2c3cd0a1656192adf1c28574712459eeb2",
    "trader_rank": 20,
    "market_id": "market_13",
    "question": "Will inflation drop below 2% in 2026?",
    "side": "No",
    "action": "SELL",
    "price": 0.49,
    "amount": 794.39,
    "shares": 1621.2,
    "timestamp": "2026-03-02T21:53:02.913413"
  },
  {
    "trader_id": "0x8c5aaa2c3cd0a1656192adf1c28574712459eeb2",
    "trader_rank": 20,
    "market_id": "market_21",
    "question": "Will India's GDP growth exceed 8% in 2026?",
    "side": "No",
    "action": "SELL",
    "price": 0.91,
    "amount": 390.02,
    "shares": 428.59,
    "timestamp": "2026-03-02T21:50:02.913420"
  },
  {
    "trader_id": "0x486ac914d69f0e171a95153bb1f0a1b13876407a",
    "trader_rank": 10,
    "market_id": "market_10",
    "question": "Will gold reach $3000/oz in 2026?",
    "side": "No",
    "action": "SELL",
    "price": 0.31,
    "amount": 172.16,
    "shares": 555.35,
    "timestamp": "2026-03-02T21:40:02.912553"
  },
  {
    "trader_id": "0x764367e925490e7a02d9f60429f4fa2dd5774d28",
    "trader_rank": 50,
    "market_id": "market_26",
    "question": "Will oil prices drop below $50/barrel?",
    "side": "No",
    "action": "BUY",
    "price": 0.38,
    "amount": 652.04,
    "shares": 1715.89,
    "timestamp": "2026-03-02T21:00:02.916347"
  },
  {
    "trader_id": "0xf1ae9ca0291690c025aefb7ebee721e96c6d64c5",
    "trader_rank": 5,
    "market_id": "market_30",
    "question": "Will AI replace 10% of jobs by 2027?",
    "side": "Yes",
    "action": "BUY",
    "price": 0.49,
    "amount": 146.64,
    "shares": 299.27,
    "timestamp": "2026-03-02T20:11:02.912159"
  },
  {
    "trader_id": "0x834ee841e52b6cfa57965082a86346ec390610a0",
    "trader_rank": 42,
    "market_id": "market_28",
    "question": "Will North Korea conduct nuclear test?",
    "side": "Yes",
    "action": "SELL",
    "price": 0.74,
    "amount": 610.15,
    "shares": 824.53,
    "timestamp": "2026-03-02T20:05:02.915502"
  },
  {
    "trader_id": "0xe3b42351f11d951983158af60d892b3416531594",
    "trader_rank": 23,
    "market_id": "market_20",
    "question": "Will there be a major cyber attack on US infrastructure?",
    "side": "Yes",
    "action": "SELL",
    "price": 0.26,
    "amount": 258.35,
    "shares": 993.65,
    "timestamp": "2026-03-02T20:04:02.913612"
  },
  {
    "trader_id": "0xe3b42351f11d951983158af60d892b3416531594",
    "trader_rank": 23,
    "market_id": "market_11",
    "question": "Will Ukraine join NATO by 2027?",
    "side": "No",
    "action": "BUY",
    "price": 0.22,
    "amount": 284.0,
    "shares": 1290.91,
    "timestamp": "2026-03-02T19:20:02.913594"
  },
  {
    "trader_id": "0xdcfa31ea111cb09d7191ea2452922870dfaecc21",
    "trader_rank": 7,
    "market_id": "market_13",
    "question": "Will inflation drop below 2% in 2026?",
    "side": "Yes",
    "action": "BUY",
    "price": 0.53,
    "amount": 674.55,
    "shares": 1272.74,
    "timestamp": "2026-03-02T19:19:02.912326"
  },
  {
    "trader_id": "0x74a8198a311df762d81e9f026402940c72e00b04",
    "trader_rank": 45,
    "market_id": "market_6",
    "question": "Will OpenAI release GPT-6 in 2026?",
    "side": "No",
    "action": "BUY",
    "price": 0.72,
    "amount": 877.37,
    "shares": 1218.57,
    "timestamp": "2026-03-02T18:52:02.915870"
  },
  {
    "trader_id": "0x5c9b9b21d739e0200fb6accc62ac66b66ae67384",
    "trader_rank": 13,
    "market_id": "market_9",
    "question": "Will Solana ETF be approved in 2026?",
    "side": "Yes",
    "action": "BUY",
    "price": 0.73,
    "amount": 483.29,
    "shares": 662.04,
    "timestamp": "2026-03-02T17:58:02.912847"
  },
  {
    "trader_id": "0xbd537f302d402b4a342cac9fb26b89174a8c7681",
    "trader_rank": 33,
    "market_id": "market_20",
    "question": "Will there be a major cyber attack on US infrastructure?",
    "side": "No",
    "action": "SELL",
    "price": 0.64,
    "amount": 967.94,
    "shares": 1512.41,
    "timestamp": "2026-03-02T17:28:02.914663"
  },
  {
    "trader_id": "0xf1fd29dcff7531bb02802f48956441d48d487274",
    "trader_rank": 29,
    "market_id": "market_24",
    "question": "Will the US debt ceiling be raised?",
    "side": "Yes",
    "action": "SELL",
    "price": 0.2,
    "amount": 718.88,
    "shares": 3594.4,
    "timestamp": "2026-03-02T17:17:02.914230"
  },
  {
    "trader_id": "0x4365fc0c12ca125acae96e9136848e13ec78667c",
    "trader_rank": 11,
    "market_id": "market_15",
    "question": "Will the S&P 500 reach 7000 in 2026?",
    "side": "Yes",
    "action": "SELL",
    "price": 0.82,
    "amount": 631.19,
    "shares": 769.74,
    "timestamp": "2026-03-02T17:14:02.912775"
  },
  {
    "trader_id": "0x4365fc0c12ca125acae96e9136848e13ec78667c",
    "trader_rank": 11,
    "market_id": "market_8",
    "question": "Will there be a US recession in 2026?",
    "side": "Yes",
    "action": "SELL",
    "price": 0.46,
    "amount": 351.78,
    "shares": 764.74,
    "timestamp": "2026-03-02T17:10:02.912759"
  },
  {
    "trader_id": "0x7bc7c71484b8d9aa3b26d702b79496d1e79ffbef",
    "trader_rank": 36,
    "market_id": "market_5",
    "question": "Will China invade Taiwan by 2027?",
    "side": "Yes",
    "action": "BUY",
    "price": 0.6,
    "amount": 208.72,
    "shares": 347.87,
    "timestamp": "2026-03-02T17:06:02.914886"
  },
  {
    "trader_id": "0x834ee841e52b6cfa57965082a86346ec390610a0",
    "trader_rank": 42,
    "market_id": "market_4",
    "question": "Will Trump win 2028 Republican primary?",
    "side": "Yes",
    "action": "BUY",
    "price": 0.06,
    "amount": 347.93,
    "shares": 5798.83,
    "timestamp": "2026-03-02T17:05:02.915482"
  },
  {
    "trader_id": "0xa5e9f8905f09bd730c132d6f1c987455d11e374d",
    "trader_rank": 6,
    "market_id": "market_19",
    "question": "Will Dogecoin reach $1 in 2026?",
    "side": "No",
    "action": "SELL",
    "price": 0.39,
    "amount": 581.67,
    "shares": 1491.46,
    "timestamp": "2026-03-02T17:05:02.912175"
  },
  {
    "trader_id": "0x93707ab1231010c6d542855818dc3de26917d17d",
    "trader_rank": 26,
    "market_id": "market_25",
    "question": "Will Ethereum switch to a new consensus?",
    "side": "Yes",
    "action": "BUY",
    "price": 0.32,
    "amount": 537.8,
    "shares": 1680.62,
    "timestamp": "2026-03-02T17:04:02.913927"
  },
  {
    "trader_id": "0xf3403c409d7df465917c532ef322235d8ac8601a",
    "trader_rank": 15,
    "market_id": "market_28",
    "question": "Will North Korea conduct nuclear test?",
    "side": "Yes",
    "action": "BUY",
    "price": 0.62,
    "amount": 41.88,
    "shares": 67.55,
    "timestamp": "2026-03-02T17:01:02.913078"
  },
  {
    "trader_id": "0x1238001ecce91cca32c9f0745c6e4b38b277fefc",
    "trader_rank": 2,
    "market_id": "market_17",
    "question": "Will EU ban TikTok in 2026?",
    "side": "No",
    "action": "SELL",
    "price": 0.31,
    "amount": 502.94,
    "shares": 1622.39,
    "timestamp": "2026-03-02T16:59:02.911819"
  },
  {
    "trader_id": "0xcb96d267efe070a760c0782bd8733162f2b68d3d",
    "trader_rank": 16,
    "market_id": "market_6",
    "question": "Will OpenAI release GPT-6 in 2026?",
    "side": "No",
    "action": "BUY",
    "price": 0.62,
    "amount": 422.35,
    "shares": 681.21,
    "timestamp": "2026-03-02T16:36:02.913106"
  },
  {
    "trader_id": "0x2e7b1d3ea3097e4f3715e0261e884fbb822b1412",
    "trader_rank": 38,
    "market_id": "market_11",
    "question": "Will Ukraine join NATO by 2027?",
    "side": "No",
    "action": "SELL",
    "price": 0.18,
    "amount": 828.14,
    "shares": 4600.78,
    "timestamp": "2026-03-02T16:30:02.915126"
  },
  {
    "trader_id": "0xcf28acb79fe21182ecf43b3d17954a336b7c065f",
    "trader_rank": 8,
    "market_id": "market_28",
    "question": "Will North Korea conduct nuclear test?",
    "side": "No",
    "action": "SELL",
    "price": 0.31,
    "amount": 643.92,
    "shares": 2077.16,
    "timestamp": "2026-03-02T16:16:02.912393"
  },
  {
    "trader_id": "0xf1ae9ca0291690c025aefb7ebee721e96c6d64c5",
    "trader_rank": 5,
    "market_id": "market_9",
    "question": "Will Solana ETF be approved in 2026?",
    "side": "Yes",
    "action": "SELL",
    "price": 0.63,
    "amount": 650.1,
    "shares": 1031.9,
    "timestamp": "2026-03-02T16:05:02.912132"
  },
  {
    "trader_id": "0x735e2bd9a3a5e38b4004369cc19881c2223a9a74",
    "trader_rank": 47,
    "market_id": "market_26",
    "question": "Will oil prices drop below $50/barrel?",
    "side": "Yes",
    "action": "BUY",
    "price": 0.57,
    "amount": 189.39,
    "shares": 332.26,
    "timestamp": "2026-03-02T15:47:02.916121"
  },
  {
    "trader_id": "0xe3b42351f11d951983158af60d892b3416531594",
    "trader_rank": 23,
    "market_id": "market_14",
    "question": "Will SpaceX land humans on Mars by 2030?",
    "side": "Yes",
    "action": "BUY",
    "price": 0.79,
    "amount": 762.54,
    "shares": 965.24,
    "timestamp": "2026-03-02T15:32:02.913580"
  },
  {
    "trader_id": "0x74a8198a311df762d81e9f026402940c72e00b04",
    "trader_rank": 45,
    "market_id": "market_4",
    "question": "Will Trump win 2028 Republican primary?",
    "side": "Yes",
    "action": "BUY",
    "price": 0.05,
    "amount": 234.67,
    "shares": 4693.4,
    "timestamp": "2026-03-02T15:26:02.915914"
  },
  {
    "trader_id": "0x77d7e1a850334dbf453ffd99fe7f2c760c86cbcb",
    "trader_rank": 3,
    "market_id": "market_5",
    "question": "Will China invade Taiwan by 2027?",
    "side": "Yes",
    "action": "SELL",
    "price": 0.66,
    "amount": 954.24,
    "shares": 1445.82,
    "timestamp": "2026-03-02T15:09:02.911978"
  },
  {
    "trader_id": "0xbd1fa0dae3d90b87278a511af84b3da3cc7f8f8a",
    "trader_rank": 27,
    "market_id": "market_26",
    "question": "Will oil prices drop below $50/barrel?",
    "side": "No",
    "action": "BUY",
    "price": 0.37,
    "amount": 884.73,
    "shares": 2391.16,
    "timestamp": "2026-03-02T15:04:02.913958"
  },
  {
    "trader_id": "0xcb96d267efe070a760c0782bd8733162f2b68d3d",
    "trader_rank": 16,
    "market_id": "market_16",
    "question": "Will a major bank adopt Bitcoin reserves?",
    "side": "No",
    "action": "BUY",
    "price": 0.38,
    "amount": 369.05,
    "shares": 971.18,
    "timestamp": "2026-03-02T15:02:02.913127"
  },
  {
    "trader_id": "0xf3403c409d7df465917c532ef322235d8ac8601a",
    "trader_rank": 15,
    "market_id": "market_10",
    "question": "Will gold reach $3000/oz in 2026?",
    "side": "Yes",
    "action": "BUY",
    "price": 0.63,
    "amount": 142.92,
    "shares": 226.86,
    "timestamp": "2026-03-02T14:45:02.912976"
  },
  {
    "trader_id": "0x2e7b1d3ea3097e4f3715e0261e884fbb822b1412",
    "trader_rank": 38,
    "market_id": "market_26",
    "question": "Will oil prices drop below $50/barrel?",
    "side": "Yes",
    "action": "BUY",
    "price": 0.52,
    "amount": 657.86,
    "shares": 1265.12,
    "timestamp": "2026-03-02T14:27:02.915082"
  },
  {
    "trader_id": "0x4365fc0c12ca125acae96e9136848e13ec78667c",
    "trader_rank": 11,
    "market_id": "market_18",
    "question": "Will Japan raise interest rates again?",
    "side": "Yes",
    "action": "SELL",
    "price": 0.5,
    "amount": 407.76,
    "shares": 815.52,
    "timestamp": "2026-03-02T14:24:02.912782"
  },
  {
    "trader_id": "0xbd1fa0dae3d90b87278a511af84b3da3cc7f8f8a",
    "trader_rank": 27,
    "market_id": "market_30",
    "question": "Will AI replace 10% of jobs by 2027?",
    "side": "No",
    "action": "SELL",
    "price": 0.49,
    "amount": 233.68,
    "shares": 476.9,
    "timestamp": "2026-03-02T13:56:02.914019"
  },
  {
    "trader_id": "0x735e2bd9a3a5e38b4004369cc19881c2223a9a74",
    "trader_rank": 47,
    "market_id": "market_7",
    "question": "Will Tesla stock reach $500 by June 2026?",
    "side": "No",
    "action": "SELL",
    "price": 0.54,
    "amount": 685.26,
    "shares": 1269.0,
    "timestamp": "2026-03-02T13:37:02.916087"
  },
  {
    "trader_id": "0x4b41aacc323c4ae436162e949ec12f34f3d9b23b",
    "trader_rank": 25,
    "market_id": "market_26",
    "question": "Will oil prices drop below $50/barrel?",
    "side": "Yes",
    "action": "SELL",
    "price": 0.54,
    "amount": 108.65,
    "shares": 201.2,
    "timestamp": "2026-03-02T13:30:02.913810"
  },
  {
    "trader_id": "0x764367e925490e7a02d9f60429f4fa2dd5774d28",
    "trader_rank": 50,
    "market_id": "market_3",
    "question": "Will ETH flip BTC market cap in 2026?",
    "side": "No",
    "action": "BUY",
    "price": 0.4,
    "amount": 747.39,
    "shares": 1868.47,
    "timestamp": "2026-03-02T13:21:02.916354"
  },
  {
    "trader_id": "0x35ac8fe89311a065fe748e2378e7767f3a91256b",
    "trader_rank": 37,
    "market_id": "market_14",
    "question": "Will SpaceX land humans on Mars by 2030?",
    "side": "Yes",
    "action": "BUY",
    "price": 0.73,
    "amount": 56.05,
    "shares": 76.78,
    "timestamp": "2026-03-02T13:11:02.914978"
  },
  {
    "trader_id": "0x74a8198a311df762d81e9f026402940c72e00b04",
    "trader_rank": 45,
    "market_id": "market_7",
    "question": "Will Tesla stock reach $500 by June 2026?",
    "side": "Yes",
    "action": "SELL",
    "price": 0.47,
    "amount": 441.38,
    "shares": 939.11,
    "timestamp": "2026-03-02T13:04:02.915908"
  },
  {
    "trader_id": "0x834ee841e52b6cfa57965082a86346ec390610a0",
    "trader_rank": 42,
    "market_id": "market_1",
    "question": "Will BTC exceed $100k by end of Q1 2026?",
    "side": "Yes",
    "action": "BUY",
    "price": 0.56,
    "amount": 497.39,
    "shares": 888.2,
    "timestamp": "2026-03-02T12:52:02.915447"
  },
  {
    "trader_id": "0xf3403c409d7df465917c532ef322235d8ac8601a",
    "trader_rank": 15,
    "market_id": "market_1",
    "question": "Will BTC exceed $100k by end of Q1 2026?",
    "side": "No",
    "action": "SELL",
    "price": 0.41,
    "amount": 312.72,
    "shares": 762.73,
    "timestamp": "2026-03-02T12:16:02.912969"
  },
  {
    "trader_id": "0x3db2a58f4feed82303f449407a876bdd70f6088b",
    "trader_rank": 28,
    "market_id": "market_2",
    "question": "Will the Fed cut rates in March 2026?",
    "side": "No",
    "action": "SELL",
    "price": 0.25,
    "amount": 261.17,
    "shares": 1044.68,
    "timestamp": "2026-03-02T12:15:02.914184"
  },
  {
    "trader_id": "0xf7b6e6e330d7daf0b5ff963c723a1ecc28af9742",
    "trader_rank": 30,
    "market_id": "market_15",
    "question": "Will the S&P 500 reach 7000 in 2026?",
    "side": "Yes",
    "action": "BUY",
    "price": 0.85,
    "amount": 727.08,
    "shares": 855.39,
    "timestamp": "2026-03-02T12:08:02.914370"
  },
  {
    "trader_id": "0x74a8198a311df762d81e9f026402940c72e00b04",
    "trader_rank": 45,
    "market_id": "market_14",
    "question": "Will SpaceX land humans on Mars by 2030?",
    "side": "Yes",
    "action": "SELL",
    "price": 0.85,
    "amount": 489.33,
    "shares": 575.68,
    "timestamp": "2026-03-02T11:47:02.915812"
  },
  {
    "trader_id": "0xf3403c409d7df465917c532ef322235d8ac8601a",
    "trader_rank": 15,
    "market_id": "market_23",
    "question": "Will a new COVID variant cause lockdowns?",
    "side": "No",
    "action": "SELL",
    "price": 0.76,
    "amount": 756.2,
    "shares": 995.0,
    "timestamp": "2026-03-02T11:16:02.913047"
  },
  {
    "trader_id": "0x47fdfcfc6fb231720b99eea0b18dc5a8be9cb849",
    "trader_rank": 49,
    "market_id": "market_8",
    "question": "Will there be a US recession in 2026?",
    "side": "No",
    "action": "BUY",
    "price": 0.55,
    "amount": 723.26,
    "shares": 1315.02,
    "timestamp": "2026-03-02T11:10:02.916299"
  },
  {
    "trader_id": "0xe819f25188cd418f0c7819de42493bdde10be032",
    "trader_rank": 46,
    "market_id": "market_16",
    "question": "Will a major bank adopt Bitcoin reserves?",
    "side": "Yes",
    "action": "SELL",
    "price": 0.6,
    "amount": 561.01,
    "shares": 935.02,
    "timestamp": "2026-03-02T10:57:02.915991"
  },
  {
    "trader_id": "0xdcfa31ea111cb09d7191ea2452922870dfaecc21",
    "trader_rank": 7,
    "market_id": "market_1",
    "question": "Will BTC exceed $100k by end of Q1 2026?",
    "side": "No",
    "action": "BUY",
    "price": 0.41,
    "amount": 146.65,
    "shares": 357.68,
    "timestamp": "2026-03-02T10:42:02.912318"
  },
  {
    "trader_id": "0x55eb02d90aad5c74c131201ed978e372ec04a473",
    "trader_rank": 41,
    "market_id": "market_19",
    "question": "Will Dogecoin reach $1 in 2026?",
    "side": "No",
    "action": "BUY",
    "price": 0.38,
    "amount": 773.75,
    "shares": 2036.18,
    "timestamp": "2026-03-02T10:32:02.915361"
  },
  {
    "trader_id": "0x74a8198a311df762d81e9f026402940c72e00b04",
    "trader_rank": 45,
    "market_id": "market_1",
    "question": "Will BTC exceed $100k by end of Q1 2026?",
    "side": "Yes",
    "action": "BUY",
    "price": 0.58,
    "amount": 496.71,
    "shares": 856.4,
    "timestamp": "2026-03-02T10:21:02.915854"
  },
  {
    "trader_id": "0x19c4e8bccfa6972a0dc99c03d8310e08b73cb463",
